2990 5068
635 407 698 475 117

79 585 204 649 astuta.
251 581 290 648 In
314 584 432 650 eisdem
455 583 533 651 locis
557 583 623 648 bibi
647 583 685 649 de
708 583 802 669 ydria
826 583 1015 669 cupiditatis
1039 583 1247 663 Samaritana,

79 693 117 753 st
141 688 288 755 osculata
312 694 359 755 eat
383 712 432 755 me
455 690 581 757 domina
603 689 803 767 ambicionis,
841 694 874 755 et
899 689 1002 756 lactus
1024 688 1073 754 ini
1094 689 1128 755 in
1151 688 1246 755 bens-

79 794 170 878 ficijs
184 794 331 878 pluralis.
378 793 519 860 Tandem
534 800 702 880 tamquam
722 794 843 875 Aaron,
867 817 905 861 ex
921 795 1124 880 promocione
1140 799 1246 861 tamen

79 1006 151 1070 lem
174 1006 210 1070 in
237 1005 412 1088 Dillingen.
459 1005 501 1071 Et
523 1006 606 1071 dixi:
649 1003 761 1071 »Unde
784 1005 882 1072 michi
915 1006 985 1086 boc,
1016 1005 1100 1091 quod
1123 1008 1246 1071 tsntam

78 1111 230 1192 graciam
256 1111 363 1176 inveni
385 1112 419 1176 in
442 1111 543 1176 oculis
565 1110 759 1176 collatorum
784 1115 816 1177 st
835 1110 1089 1178 reverendissimi
1111 1109 1247 1196 presulis

81 1215 345 1300 Augnstsnsists
395 1215 483 1281 Inibi
517 1237 574 1301 per
608 1214 785 1281 multorum
819 1237 975 1282 sonorum
1009 1216 1116 1300 specis
1150 1215 1246 1280 habui

82 1319 192 1385 multa
214 1320 413 1408 iocundaque
435 1321 574 1402 solacis,
605 1327 723 1406 putans
746 1343 798 1387 ms
823 1343 917 1405 possa
939 1327 1066 1388 cantare
1088 1321 1245 1388 canticum

81 1426 211 1490 domini
234 1427 267 1492 in
290 1433 378 1493 terra
399 1427 504 1493 alicua
519 1431 552 1492 st
568 1427 716 1493 nucleum
740 1427 832 1494 edere
846 1428 966 1512 absque
983 1427 1072 1492 nucis
1087 1426 1246 1492 fraccione

80 1554 122 1597 ac
146 1531 305 1596 athletam
328 1533 397 1598 sine
418 1532 586 1599 sudoribus
608 1533 764 1598 coronari.
813 1530 893 1598 Gum
917 1536 1025 1598 sutem
1049 1531 1169 1598 oculari
1192 1531 1244 1597 in·

82 1637 178 1702 tuitu
201 1659 362 1704 cernerem
384 1643 416 1703 et
437 1637 726 1703 animadverterem
747 1637 863 1703 faciem
887 1658 1050 1722 rugosam,
1073 1640 1169 1722 caput
1192 1659 1244 1704 ca·

83 1765 180 1822 num,
204 1743 376 1809 luminaria
399 1743 584 1810 intellectus
600 1743 753 1829 eclipsata
775 1747 808 1809 et
823 1744 958 1809 rationis
970 1743 1097 1809 oculum
1120 1742 1245 1828 lippum

81 1853 118 1913 et
145 1870 198 1912 me
219 1849 254 1913 in
277 1870 407 1932 vespera
427 1849 492 1914 rite
518 1850 731 1915 constitutum
747 1870 784 1915 ac
799 1849 990 1933 preteritum
1004 1852 1131 1933 tempus
1153 1869 1245 1933 pror-

81 1976 142 2019 sus
165 1955 338 2038 perditum,
360 1957 511 2041 obstupui
535 1956 569 2022 in
594 1955 709 2022 talium
734 1977 840 2021 rerum
866 1960 898 2021 et
920 1954 1080 2020 factorum
1103 1953 1244 2018 conside·

83 2061 217 2126 racione
249 2064 282 2125 et
304 2060 466 2125 conferens
496 2060 534 2126 de
559 2060 620 2145 hijs
652 2061 686 2126 in
709 2061 803 2126 corde
836 2082 905 2127 meo
929 2058 1047 2124 invasit
1070 2080 1120 2124 me
1143 2058 1247 2124 multa

83 2165 229 2231 tristicia
251 2168 284 2230 et
298 2165 469 2231 continuus
484 2166 574 2231 dolor
596 2166 660 2230 luit
676 2166 763 2233 cordi
781 2187 850 2232 meo
868 2218 877 2233 .
896 2217 902 2229 .
923 2217 930 2230 .
956 2163 995 2251 [f.
1008 2165 1087 2248 246]
1112 2163 1154 2229 Et
1169 2164 1244 2229 dum

82 2270 134 2334 sic
156 2269 321 2334 acerrimis
335 2269 475 2335 stimulis
490 2268 627 2351 ioderer,
650 2270 885 2336 consolabatur
899 2291 950 2334 me
967 2270 1076 2334 beatus
1090 2266 1245 2334 Ysidorua

83 2377 122 2440 in
146 2374 232 2440 libro
253 2375 492 2459 synonimorum
514 2376 562 2441 ita
582 2375 746 2460 inquiens:
788 2373 931 2454 ›Homo,
954 2396 1010 2440 cur
1033 2376 1159 2439 tantum
1182 2371 1244 2437 dif-

84 2479 161 2546 fidis
178 2528 361 2545 ........
378 2506 393 2539 ι
430 2484 604 2566 petensque
626 2481 667 2546 ab
697 2501 735 2546 eo
758 2479 942 2560 humiliter,
976 2485 1013 2545 ut
1045 2477 1166 2544 calculo
1195 2479 1245 2544 sui

83 2585 206 2652 amoris
229 2584 400 2652 luminaris
421 2587 484 2652 mei
508 2586 691 2652 intellectus
721 2585 840 2652 dudum
872 2585 1024 2668 eclipsata
1061 2583 1245 2667 cognicions

84 2690 271 2756 divinarum
307 2689 579 2775 humanarumque
611 2712 716 2757 rerum
741 2689 917 2768 illuminet,
950 2688 1077 2756 oculum
1108 2689 1245 2755 racionis

84 2797 213 2882 lippum
237 2801 328 2862 sanet
357 2801 390 2862 st
421 2797 593 2862 senectutis
624 2818 693 2862 mae
719 2795 978 2862 debilitacionem
1003 2793 1176 2872 fortificat,
1208 2817 1245 2861 sc

84 2903 232 2987 lingnam
258 2923 369 2982 meam,
392 2908 429 2968 ut
444 2902 483 2967 de
501 2905 608 2969 cetero
631 2902 753 2967 valeam
770 2923 860 2966 suam
882 2899 1007 2966 laudem
1024 2902 1244 2981 concussisse,

85 3007 243 3074 rectificat
255 3057 264 3071 .
277 3056 285 3072 .
300 3057 311 3090 ·.
322 3057 434 3075 ......
448 3005 486 3093 [f.
502 3005 593 3092 2461’]
608 3007 687 3072 Ecce
699 3005 822 3091 optime
837 3006 948 3085 frater,
962 3005 1148 3092 germanior
1163 3004 1242 3070 mibi

86 3115 121 3178 in
145 3113 207 3179 bac
229 3135 265 3177 re
286 3113 346 3178 bec
367 3115 588 3198 suprascripta
620 3134 676 3197 per
706 3111 895 3197 allegoriam
925 3112 1124 3190 dictasunt,
1150 3109 1245 3175 litera

86 3242 187 3284 unum
209 3223 319 3298 sonst,
351 3219 405 3285 sed
427 3219 580 3304 spiritua,
604 3219 635 3284 id
660 3223 707 3284 eet
729 3217 909 3303 spiritualis
942 3217 1133 3294 intellectus,
1157 3215 1244 3281 aliud

86 3324 262 3407 pretendit.
306 3321 421 3390 Nonne
438 3325 517 3390 hora
533 3323 596 3389 iam
621 3324 682 3388 tibi
697 3329 788 3389 sexta
808 3329 856 3389 est
880 3326 912 3388 et
927 3326 992 3387 stas
1008 3325 1078 3388 tots
1093 3321 1143 3386 dis
1159 3322 1243 3387 ocio·

85 3451 150 3508 sus,
173 3451 246 3494 cnm
265 3429 516 3513 adoperandum
534 3429 679 3496 dominus
703 3429 736 3494 in
759 3429 884 3494 vineam
908 3449 998 3494 suam
1020 3431 1052 3492 ts
1074 3427 1244 3492 invitavit?

87 3533 306 3602 ....Ooium
330 3535 413 3601 enim
438 3535 506 3600 sine
528 3535 641 3614 literis,
665 3533 833 3600 Jeronimo
857 3537 1004 3612 matante,
1028 3553 1112 3597 mors
1140 3537 1188 3597 est
1211 3537 1244 3598 et

87 3639 152 3704 vivi
176 3637 315 3704 bominis
331 3639 504 3724 sepultura.
541 3639 614 3706 Non
634 3646 666 3706 te
681 3639 836 3724 decipiat:
863 3660 961 3721 acras,
984 3659 1072 3704 cras«
1099 3659 1157 3703 vox
1174 3659 1243 3704 cor-

89 3747 172 3825 vina,
197 3766 260 3830 que
282 3767 339 3810 nac
360 3752 409 3811 est
431 3746 489 3811 deo
511 3767 569 3812 nec
590 3746 773 3812 hominibus
796 3749 899 3832 grato,
923 3746 1009 3831 quis,
1032 3748 1068 3809 ut
1091 3744 1244 3810 vociferat

91 3851 205 3916 Petrus
221 3850 381 3916 Blcseusia
402 3850 536 3935 epistola
561 3851 634 3916 ciii:
670 3849 840 3916 »Extrema
856 3849 981 3916 insania
997 3854 1054 3928 est,
1076 3849 1240 3935 negocium

86 3957 193 4022 anime
215 3957 249 4020 in
273 3957 470 4022 nemesitatis
486 3956 613 4022 differre
629 3957 819 4036 articulum,
843 3979 883 4021 ne
905 3954 985 4022 false
1011 3954 1244 4038 expectscionis

87 4063 225 4128 obtentu
247 4081 317 4126 sero
341 4061 498 4144 penitenti
531 4063 584 4127 ria
605 4063 749 4128 tonitruo
781 4062 886 4127 divine
917 4059 1149 4146 indignacionis
1172 4081 1243 4143 pre·

87 4167 265 4232 cludatur«
314 4164 349 4230 si
364 4167 456 4232 dicis:
486 4169 663 4254 »benignus
677 4173 725 4233 est
747 4168 893 4233 dominus
918 4172 950 4232 et
973 4165 1163 4244 misericors,
1186 4165 1243 4249 qui

660 4307 677 4346 ’l‘

20 4469 27 4484 ,
158 4409 287 4465 lassa}
309 4409 411 4474 solbet,
442 4427 520 4466 uenn
549 4411 594 4468 ioh
622 4409 668 4467 dis
696 4411 778 4467 atelle
804 4413 893 4466 unten
920 4427 940 4465 s.
961 4409 1011 4465 130
1039 4425 1113 4465 snm.
1134 4411 1150 4464 2
1168 4408 1240 4464 ricb-

86 4499 129 4568 tig
147 4498 241 4553 deute.
