3002 5070
826 395 867 458 52
1392 409 1408 442 θ

264 566 349 631 infra
368 565 538 632 Wiennam
560 573 593 631 et
615 565 920 632 Novam-civitatem
950 571 982 632 et
1005 567 1050 630 ibi
1081 567 1165 631 circa
1187 565 1292 629 menia
1319 563 1420 628 Nove-

264 673 405 738 civitatis
436 672 561 738 nemine
584 672 762 738 reluctante
785 673 915 756 rapina,
949 673 1112 753 incendio,
1143 671 1367 736 devastacione
1390 671 1420 733 in

265 800 329 845 non
353 779 543 844 mediocrem
568 779 770 863 imperatoris
797 784 830 844 et
845 780 976 845 ducatus
1000 776 1130 843 Austrie
1158 775 1382 840 verecundiam
1394 775 1422 837 vi

266 888 390 948 armata
413 885 582 948 transitum
610 883 767 950 fecerunt.
805 882 876 966 lpse
893 904 966 949 vero
989 883 1020 947 d.
1043 881 1179 966 legatus,
1203 879 1248 943 nil
1272 901 1307 944 se
1331 878 1422 942 effee-

267 995 374 1054 turum
406 989 610 1072 intelligens,
647 989 679 1052 in
717 988 809 1073 aquis
833 986 1008 1073 Ungariam
1042 1008 1151 1052 versus
1181 985 1243 1050 iter
1274 985 1424 1068 arripuit.

266 1093 389 1158 Rursus
411 1093 592 1159 oratoribus
614 1097 647 1156 et
661 1092 777 1178 legatis
794 1093 887 1179 ,regis
904 1093 1032 1158 Boemie
1053 1091 1198 1176 repetitis
1214 1092 1277 1155 iarn
1301 1089 1423 1152 vicibus

265 1219 323 1282 pro
348 1198 449 1284 regni,
473 1196 630 1281 regalium
652 1204 686 1263 et
713 1197 877 1264 feudorum
901 1198 1144 1265 confirmacione
1166 1201 1266 1281 atque
1288 1195 1422 1259 investi·

266 1309 339 1368 tura
361 1305 445 1387 opud
469 1303 497 1368 d.
515 1303 741 1387 imperatorem
758 1305 953 1370 instantibus
976 1306 1048 1388 post
1064 1301 1167 1368 multa
1190 1321 1226 1365 eo
1249 1299 1423 1364 deventum

266 1415 333 1488 est,
365 1408 449 1494 quod
480 1408 510 1474 d.
533 1409 708 1494 imperator
731 1410 887 1476 dominica
920 1415 992 1493 post
1022 1409 1132 1473 datum
1166 1405 1368 1490 presencium
1393 1405 1424 1468 in

265 1514 396 1579 civitate
418 1509 528 1579 Prion
563 1517 653 1600 regni
681 1515 809 1581 Boemie
841 1535 976 1580 unacum
1011 1535 1086 1596 rege
1116 1511 1286 1577 convenire
1316 1511 1425 1594 ibique

267 1640 340 1683 eum
364 1619 552 1685 confirmare
576 1626 608 1685 et
632 1626 667 1686 ut
690 1623 859 1687 electorem
883 1620 1009 1704 imperij
1033 1619 1071 1684 de
1087 1617 1249 1702 regalibus
1272 1622 1305 1681 et
1321 1615 1425 1680 feudis

266 1723 404 1788 eiusdem
429 1725 520 1807 regni
542 1726 753 1811 solempniter
768 1725 919 1790 investire
934 1725 1070 1790 debebit.
1121 1723 1182 1801 Qui
1200 1722 1328 1808 quidem
1342 1720 1424 1786 Boe-

266 1829 328 1894 mie
352 1851 406 1894 rex
430 1830 462 1894 in
487 1830 638 1896 eiusmodi
658 1830 912 1896 confirmacionis
928 1835 960 1895 et
976 1830 1165 1896 investitura
1186 1849 1423 1911 recompensam

267 1934 368 1999 eidem
391 1935 574 2018 imperatori
608 1937 749 2022 proprijs
774 1937 920 2020 expensis
947 1935 1105 2000 adiutorio
1128 1955 1162 2000 se
1184 1933 1332 1998 futurum
1350 1954 1425 2016 spo·

267 2039 389 2123 pondit,
414 2061 476 2124 quo
498 2042 727 2124 possessionem
750 2041 841 2124 regni
855 2037 997 2125 Ungarie
1022 2039 1149 2104 facilius
1165 2035 1298 2120 adipisci
1316 2041 1425 2120 queat,

267 2144 350 2229 quod
373 2166 443 2210 oum
475 2144 595 2210 factum
619 2147 728 2226 fuerit,
752 2147 820 2230 ipse
847 2145 975 2210 Boemie
999 2167 1053 2210 rex
1077 2143 1291 2223 medietatem,
1313 2147 1352 2206 ut
1378 2143 1425 2205 di·

266 2249 359 2324 citur,
383 2249 526 2314 omnium
549 2251 809 2335 percepcionum,
832 2248 999 2316 fruetuum
1021 2251 1053 2314 et
1076 2247 1258 2312 reddituum
1282 2247 1423 2311 eiusdem

266 2355 358 2439 regni
380 2352 522 2438 Ungarie
546 2356 584 2420 cd
608 2356 707 2420 vitam
729 2377 819 2420 suam
845 2357 1009 2439 percipere
1034 2360 1067 2420 et
1092 2354 1208 2420 babere
1231 2352 1374 2417 debebit.

352 2457 460 2526 Unum
483 2460 637 2544 preterire
661 2481 794 2545 nequeo,
819 2458 1004 2525 Heinricum
1019 2458 1189 2538 llrclbach,
1222 2457 1319 2541 paulo
1351 2465 1427 2522 ante

264 2565 353 2630 urbis
376 2571 482 2630 nostre
505 2565 674 2642 notarium,
698 2565 802 2630 sedem
835 2565 897 2630 huc
920 2564 1073 2649 posuisse,
1103 2563 1169 2648 qui,
1193 2569 1229 2628 ut
1252 2562 1340 2628 fame
1364 2563 1428 2628 fert

267 2667 326 2744 vel,
352 2675 388 2732 ut
402 2671 507 2734 verius
524 2670 647 2755 loquar,
663 2669 863 2753 experiencia
878 2668 1084 2748 demonstrat,
1107 2673 1352 2752 oppostatarum
1369 2692 1425 2732 ne·

265 2780 372 2838 turam
395 2774 428 2838 in
450 2796 483 2838 se
499 2775 640 2840 delusam
662 2796 723 2839 uon
748 2776 880 2861 patitur.
917 2772 1068 2840 Ordinem
1095 2776 1211 2840 etenim
1234 2775 1425 2840 derelictum

266 2885 335 2944 toto
358 2880 522 2945 conamine
544 2881 685 2966 totisque
701 2881 824 2946 viribus
846 2880 1005 2965 persequi,
1030 2880 1198 2964 denigrare
1214 2885 1246 2944 ct
1271 2878 1426 2946 infestare

266 2985 404 3064 laborat,
427 3006 490 3048 non
513 2986 615 3050 solnm
640 2992 758 3066 nostre,
782 2988 935 3072 quiuymo
953 2987 1117 3072 quibusvis
1139 2985 1213 3068 alijs
1238 2985 1427 3052 civitatibus

266 3095 299 3154 et
320 3090 424 3174 opidis
456 3091 680 3158 contrariando
712 3093 964 3176 adversariisque
992 3114 1099 3156 earum
1131 3091 1285 3170 consilio,
1317 3091 1427 3156 favore

268 3200 301 3259 et
325 3195 445 3260 auxilio
465 3196 679 3262 assistencicm
697 3198 840 3263 iaciendo
856 3203 897 3278 et,
925 3202 963 3263 ut
978 3198 1079 3262 multa
1094 3196 1202 3280 paucis
1217 3197 1427 3280 complectar,

266 3301 409 3366 dominos
426 3323 511 3367 meos
525 3309 705 3386 serpentem
723 3303 755 3366 in
772 3303 895 3388 gremio
911 3301 1085 3366 nutrivisse
1101 3301 1275 3384 comperio,
1292 3302 1350 3384 qui
1370 3324 1428 3386 per

266 3405 370 3470 fasec
395 3406 513 3491 nephas
537 3408 622 3491 ipsos
645 3408 824 3492 inquietare
844 3407 968 3472 laborat
999 3405 1180 3490 etquidem
1205 3405 1427 3472 inverecunde.

355 3511 404 3591 Et,
428 3518 651 3596 preceptorum
666 3514 796 3596 optime,
819 3535 890 3578 cum
914 3517 986 3596 post
1001 3511 1153 3577 solertem
1176 3511 1424 3596 inquisicionem

265 3615 312 3679 nil
335 3616 409 3696 rari,
433 3616 479 3680 nil
503 3617 657 3692 solneiosi,
681 3618 727 3682 nil
744 3619 879 3703 denique
894 3624 986 3684 tanto
1001 3618 1233 3703 viro-dignum
1256 3617 1425 3701 explorare

266 3721 455 3806 quivissem,
478 3726 516 3786 ut
537 3727 643 3788 tamen
667 3722 795 3808 aliquod
822 3745 898 3808 arga
921 3745 975 3788 vos
998 3723 1093 3806 officij
1131 3727 1228 3808 atque
1250 3721 1425 3808 diligencie

264 3827 392 3910 signum
416 3829 448 3892 in
472 3851 522 3892 me
545 3849 698 3913 apparere
718 3835 835 3914 posset,
859 3830 918 3896 hec
943 3831 1062 3895 domini
1082 3829 1166 3894 duee
1177 3828 1336 3908 Senensis,
1361 3831 1425 3894 iam

266 3933 439 3997 beatissimi
463 3935 629 4018 apostolici
653 3938 766 4016 nostri,
791 3937 959 4021 proverbia
992 3957 1126 4000 unacum
1150 3934 1297 4000 oracione
1319 3934 1425 4000 facul·

265 4041 363 4102 tatem
402 4044 541 4104 vestram
576 4039 752 4122 plurimum
787 4044 960 4106 exornante
992 4041 1030 4107 ed
1068 4062 1122 4106 vos
1160 4039 1426 4106 conscribenda¹

834 4148 852 4183 ἃ

337 4213 349 4266 l
373 4211 452 4267 Diese
472 4211 645 4268 abschrit'ten
660 4212 743 4268 Ebers
763 4213 853 4285 liegen
865 4231 916 4267 uns
929 4213 999 4269 noch
1019 4231 1068 4270 vor
1087 4213 1116 4268 in
1129 4214 1254 4270 clm.249
1265 4213 1285 4268 t'.
1303 4213 1427 4280 212—o;

265 4299 283 4354 f.
302 4300 354 4354 212
373 4299 415 4354 bis
433 4301 499 4354 alo
520 4299 565 4354 die
591 4299 740 4356 Proverbia
760 4302 852 4366 Euee,
872 4301 1022 4356 daruntcr:
1056 4301 1224 4357 Valentinus
1244 4301 1315 4358 uber
1335 4303 1421 4360 licen·

265 4388 377 4458 [datus]
398 4387 516 4442 Wienne
540 4405 614 4444 anno
640 4391 691 4444 etc.
717 4389 834 4444 ΙΛΙΙΙΙΙ0
858 4391 919 4460 ipsa
938 4389 984 4444 die
1014 4390 1121 4445 veneris
1146 4393 1210 4461 post
1242 4389 1427 4458 Margaretlre

265 4493 349 4530 mnnn
369 4477 494 4546 propria.
531 4477 613 4530 Danu
627 4475 672 4530 die
691 4475 791 4533 Oraeio
801 4478 930 4547 magistri
950 4477 1120 4548 Guaspsrini
1133 4478 1167 4533 de
1180 4477 1312 4534 laudibus
1333 4479 1420 4534 scicn-
