3002 5070
648 441 690 507 43

80 615 206 693 docuit,
231 616 280 680 eui
299 620 334 680 tu
354 637 468 702 magna
483 617 639 683 virtutum
656 623 688 684 et
704 619 898 702 dignitatum
920 619 1110 684 excellencia
1126 641 1241 704 appro-

85 722 244 806 pinquas,
265 727 337 787 tum
358 722 444 788 zelus
474 723 581 789 intimi
603 725 720 790 amoris
752 724 824 809 plus
847 724 1008 789 tibiaando
1036 745 1130 808 quarn
1154 723 1242 788 vobi-

80 825 186 892 sando
209 827 420 892 meoiudicio
446 829 637 907 ostenditur,
661 835 729 894 tum
753 833 785 894 et
798 877 916 894 ......
931 833 939 865 ¹
971 849 1041 893 cum
1065 828 1169 913 prima
1191 849 1242 892 ra·

81 931 227 1011 eionum,
251 953 323 998 cum
340 931 378 996 de
393 935 426 996 te
441 931 555 1017 loquor
570 932 654 1017 alijs,
677 955 740 999 non
757 933 844 1000 dico:
868 933 1148 999 reverendissimus
1165 931 1241 998 Car·

81 1035 205 1101 dinalie
228 1035 309 1100 mihi
331 1035 502 1117 dixerunt,
536 1043 599 1102 set:
634 1037 724 1117 dixit,
748 1039 802 1103 ubi
826 1038 942 1118 claret,
974 1039 1057 1124 quod
1085 1038 1243 1103 vobisacio

85 1141 277 1206 litterarum
307 1162 371 1205 non
405 1138 510 1206 tanti²
542 1142 671 1208 honoris
695 1142 866 1224 est,.alias
887 1144 1071 1209 absentibus
1094 1143 1193 1208 eciam
1217 1143 1243 1206 is

81 1245 191 1311 bonor
214 1246 463 1330 impenderetur,
485 1251 554 1313 tum
578 1253 610 1312 et
633 1247 748 1313 ultimo
765 1249 902 1332 epistula
919 1250 1031 1313 absens
1053 1271 1072 1312 a
1095 1248 1243 1312 mittente

83 1352 195 1416 minna
216 1351 345 1416 videtur
368 1351 513 1437 qualibet
535 1353 673 1420 scribere
691 1353 873 1440 litterisque
895 1375 1000 1439 agere,
1025 1375 1120 1439 quam
1137 1373 1243 1418 coram

80 1456 176 1542 loqui
198 1456 274 1522 vira
297 1477 380 1524 rece.
425 1457 566 1524 Dedecus
591 1461 778 1525 verecundie
811 1461 925 1538 rubor,
959 1481 1067 1544 ymmo
1093 1459 1243 1523 delictum

80 1563 180 1628 forst
230 1561 303 1646 Hijs
325 1563 477 1630 hactenns
490 1613 673 1631 .........

184 1667 235 1732 Ex
266 1667 413 1754 Angusta
449 1671 500 1736 die
530 1669 606 1735 solis
636 1675 709 1754 post
741 1670 919 1738 Sebastiam
959 1669 1076 1734 mensis
1103 1666 1243 1752 januarij'

88 1771 243 1838 xxllr·
267 1795 351 1839 anno
373 1775 493 1840 domini
511 1775 605 1841 1459.

566 1999 668 2006 σὴψ-...-

637 2159 696 2228 19.

87 2293 287 2366 Hermann
317 2293 475 2367 Schedel
497 2317 545 2366 un
575 2294 787 2388 Sigismund
817 2293 1068 2368 Gessembrut.
1111 2291 1244 2390 [Auge-

539 2417 635 2511 burg
668 2416 794 2512 lane]

84 2571 155 2624 clm.
170 2569 225 2624 PM
239 2569 258 2623 i.
272 2569 322 2622 271
338 2569 366 2622 in
381 2586 458 2626 verso
472 2569 641 2641 beginnend.
672 2571 801 2642 Concept,
820 2571 858 2624 im
869 2573 960 2625 ersten
974 2569 1041 2625 teile
1054 2565 1244 2640 sorglltltigsr‚

468 2658 540 2714 wohl
559 2659 644 2716 achon
664 2657 824 2715 reinechrilt
836 2659 856 2713 ⁴.

89 2783 168 2849 bob
201 2785 274 2849 der
305 2786 606 2871 amtslr‘lhrung
630 2785 935 2852 Gossembrots.
991 2782 1123 2866 Klage
1148 2781 1244 2844 liber

436 2891 505 2958 die
529 2892 623 2976 lage
646 2893 726 2957 der
749 2892 877 2956 stadt.

178 3031 352 3115 Magnifice
376 3032 469 3096 huius
492 3033 580 3116 regie
603 3032 691 3097 urbis
715 3031 856 3115 pretori,
890 3030 1017 3096 domino
1040 3027 1245 3114 Sigismundo

90 3139 310 3220 (looeemprot,
333 3137 512 3221 preceptori
530 3141 562 3201 et
580 3136 774 3202 benefactori
791 3157 847 3201 suo
869 3133 1148 3200 observantissimo
1163 3130 1243 3194 Her-

92 3263 227 3308 maunns
259 3241 392 3308 Schedel
426 3241 597 3326 plurimam
630 3241 765 3306 salutem
800 3241 887 3306 dicit.
935 3239 1013 3304 Cum
1045 3237 1108 3322 hijs
1135 3237 1244 3301 diebus

90 3369 212 3414 mecum
236 3347 343 3412 animo
365 3351 485 3412 statum
509 3348 645 3412 humane
668 3347 733 3412 vite
749 3345 943 3411 revolverem
968 3350 1001 3410 et
1016 3364 1115 3428 opera
1138 3341 1245 3406 divina

89 3453 340 3538 contemplarer,
370 3453 467 3518 michi
503 3453 536 3516 in
569 3457 707 3517 urentem
729 3452 819 3517 venit
847 3451 980 3516 mirifica
1013 3472 1050 3515 ac
1072 3447 1245 3533 singularis

93 3567 148 3623 tna
170 3558 359 3644 prudentia,
394 3579 456 3622 non
490 3559 584 3623 modo
612 3557 806 3642 singularem
839 3557 1010 3640 potestatis
1033 3561 1066 3620 et
1088 3554 1244 3639 sapientie

92 3664 346 3749 magnitudinem
372 3684 480 3729 verum
503 3663 665 3747 pietatem,
690 3662 962 3728 mansuetudinem
980 3661 1012 3726 in
1028 3682 1061 3726 se
1077 3659 1243 3726 eontinen-

91 3775 154 3834 tem
165 3767 211 3857 [!],
235 3791 297 3854 que
320 3789 358 3834 ex
380 3769 516 3853 quadam
533 3769 592 3833 tibi
608 3769 720 3832 innata
743 3768 852 3853 gracia
878 3767 1016 3832 evenisse
1040 3789 1122 3832 reor.
1159 3763 1244 3828 Tau-

96 3881 162 3939 tum
187 3875 269 3940 enim
295 3874 403 3958 potuit
425 3873 480 3938 ille
496 3879 610 3938 nature
627 3874 735 3959 opifex
758 3879 791 3939 et
814 3895 918 3938 rerum
932 3873 1072 3938 omnium
1098 3872 1245 3955 princeps

706 3979 723 4016 ss

165 4099 179 4152 1
197 4099 256 4155 aas.
275 4115 365 4170 paese
405 4098 552 4154 varient
565 4117 592 4170 ῳ
610 4069 686 4156 sur‘
705 4121 739 4147 =
752 4098 987 4168 quoneoneormc.
1040 4101 1056 4152 2
1074 4099 1134 4155 eor.
1153 4101 1245 4152 cana.

94 4186 256 4257 tflonatag
273 4187 344 4242 nach
364 4185 512 4242 Sebastiau
530 4187 568 4242 ist
586 4188 635 4243 der
652 4187 694 4243 21.
784 4189 800 4240 t
823 4187 944 4243 Frllhere
962 4190 1093 4258 concepte
1111 4185 1179 4241 ibid.
1197 4185 1245 4240 fol.

93 4275 141 4328 317
162 4273 202 4344 [in
221 4290 299 4330 verro
320 4273 488 4346 begiunend]
509 4275 566 4329 und
580 4275 598 4330 l.
613 4277 674 4332 316.
709 4275 762 4329 Zur
791 4273 926 4344 datirung
944 4276 1006 4330 eine
1024 4275 1106 4331 atelle
1124 4273 1245 4329 descon-

91 4365 166 4432 cepta
184 4361 202 4416 i.
214 4363 293 4418 317⁵:
320 4365 365 4417 ste
384 4360 466 4416 huius
485 4363 561 4434 regie
580 4363 654 4418 urbis
672 4363 761 4418 clerus
791 4362 881 4419 omnis
901 4367 930 4418 et
944 4361 1034 4416 virum
1053 4361 1244 4417 doctissimum

97 4466 142 4517 per
159 4448 238 4504 huius
256 4449 325 4506 anni
338 4449 483 4505 decursum
495 4467 605 4520 semper
619 4449 782 4520 predicant«
791 4468 798 4514 ;
818 4449 877 4507 also
898 4449 967 4506 doch
984 4447 1055 4505 wohl
1071 4467 1132 4504 aum
1153 4453 1246 4508 ersten

95 4539 173 4606 jahre
191 4555 245 4596 ron
264 4536 457 4595 Gessembrcts
475 4537 714 4608 amtrthttigkeit.
