2990 5068
785 319 848 385 156

239 501 402 582 appareat,
428 497 531 582 ipsum
545 499 579 578 (l)
604 496 678 561 dum
702 494 856 559 incedunt
878 496 928 559 vel
952 494 1027 559 dum
1051 499 1212 579 vagantur
1235 495 1347 578 sepius
1371 495 1404 557 in

239 601 387 667 fenestris
409 601 459 666 vel
480 601 556 668 dum
581 601 719 666 resident
742 600 774 665 in
791 599 916 684 plateis,
940 600 1068 667 furtivis
1086 602 1272 686 aspectibus
1296 599 1402 664 clam·

239 708 362 774 destina
385 708 447 773 sibi
470 708 568 772 aliurn
592 710 740 793 querunt.
786 704 879 773 Unde
902 706 1011 772 fatuus
1045 707 1170 772 invenis
1194 706 1251 770 ille
1273 705 1401 770 censeri

239 817 346 897 potest
369 812 404 898 [f.
419 811 499 896 277]
533 816 566 878 et
588 811 690 878 multo
725 811 843 878 sorcius
865 812 898 877 in
923 817 1007 878 etate
1036 814 1250 890 constitutus,
1283 810 1403 895 quiin

238 916 409 983 mulierum
432 917 601 1001 blandiciis
624 918 716 982 fidem
751 918 837 1001 gerit
859 923 892 984 et
919 939 1028 984 earnm
1065 915 1405 985 demonstrecionibns

238 1023 284 1088 sio
306 1022 473 1089 fallacibus
495 1044 528 1088 ee
544 1023 724 1090 committit.
760 1021 838 1088 Oum
862 1044 922 1109 ego
946 1028 1040 1089 notris
1063 1025 1123 1089 aim
1147 1023 1181 1088 in
1196 1021 1313 1096 Jndea.
1341 1020 1403 1084 tibi

241 1129 319 1193 satis
341 1149 408 1194 esee
433 1149 617 1213 responsum
642 1150 734 1195 nemo
757 1129 894 1196 dubitat.
940 1127 1108 1196 Subnectie
1131 1128 1255 1194 dicens:
1298 1125 1402 1190 ›For-

238 1234 321 1298 sitsn
346 1237 405 1300 eto.
424 1232 454 1295 ¹«
502 1233 581 1300 Dico
597 1235 680 1320 quod
697 1234 827 1319 egregia
851 1235 1013 1300 mendacia
1034 1256 1099 1300 non
1122 1239 1198 1298 sunt
1221 1231 1401 1317 reprehen-

239 1339 327 1404 sione
352 1339 459 1423 digna.
514 1337 636 1404 Ultimo
670 1339 766 1405 dicis:
804 1336 934 1404 »Unum
957 1361 1046 1419 vero,
1073 1338 1106 1404 in
1127 1360 1191 1423 quo
1214 1343 1247 1402 le
1270 1337 1402 1403 devium

238 1465 437 1529 summopere
459 1442 581 1509 hortari
598 1446 701 1528 cupio,
725 1449 783 1522 eet,
806 1445 889 1528 quod
913 1445 940 1510 si
965 1467 1117 1530 nmquam
1139 1449 1281 1510 mentem
1307 1447 1399 1508 tuam

240 1549 392 1615 beneficia
416 1571 436 1614 a
460 1549 633 1616 venerabili
651 1551 969 1635 praestantissimoque
994 1554 1086 1634 patre
1112 1549 1214 1616 felicis
1245 1549 1403 1613 memorie

240 1658 387 1738 suscepta
399 1703 407 1719 .
421 1653 477 1722 ..²
500 1655 702 1739 plurimaque
717 1655 852 1720 caritate
868 1654 1019 1739 amplecti
1041 1655 1106 1720 tuis
1128 1654 1290 1738 beneficijs
1315 1653 1402 1738 apud

240 1760 333 1824 deum
357 1780 419 1825 oon
445 1760 585 1840 omittas,
611 1761 799 1826 suavissima
826 1760 946 1845 deoque
961 1763 1054 1844 grata
1071 1759 1227 1827 libamina
1241 1760 1275 1824 in
1291 1761 1401 1826 anime

240 1865 306 1930 eins
321 1865 456 1932 salutem
472 1865 674 1951 frequencius
698 1865 852 1932 celebra«
909 1864 1079 1946 Hermone,
1102 1865 1203 1931 frater
1231 1865 1286 1946 mi,
1312 1866 1399 1930 inter

240 1972 426 2036 secreciores
447 1969 605 2050 lacrimas,
627 1973 681 2036 ubi
698 1971 784 2056 patri
807 1970 1003 2056 ymmolatur
1018 1971 1115 2050 filius,
1140 1991 1254 2035 nomen
1272 1970 1398 2036 domini

240 2075 300 2140 mei
319 2074 499 2141 Leonhardi
523 2099 686 2161 nunquam
710 2075 811 2142 delevi
836 2100 855 2141 a
878 2076 1032 2142 memoria
1055 2080 1087 2142 et
1102 2097 1211 2160 preces
1235 2076 1276 2140 ad
1303 2077 1398 2141 deum

241 2203 300 2266 pro
334 2203 369 2248 eo
401 2182 534 2248 fundere
566 2204 628 2248 non
655 2183 793 2248 cessabo.
852 2181 980 2258 Quanto
1011 2187 1117 2246 autem
1148 2201 1256 2246 amore
1292 2181 1399 2264 ipsum

241 2285 462 2351 beonbsrdum
493 2286 678 2370 dilexerim,
712 2289 873 2356 conscium
901 2294 1011 2355 mutue
1040 2287 1184 2354 caritatis
1206 2291 1261 2352 tue
1285 2293 1397 2372 pectus

240 2392 402 2475 agnoscit,
434 2393 549 2477 quibus
574 2395 734 2476 lamentis,
764 2417 826 2479 quo
857 2394 984 2475 dolore,
1016 2415 1078 2479 quo
1116 2392 1239 2477 gemitu
1262 2391 1397 2457 eundern

241 2502 425 2580 persecutus
447 2520 527 2578 sum,
551 2522 648 2584 opera
671 2506 704 2567 et
727 2500 821 2567 litere
844 2501 904 2566 ieta
920 2505 1018 2567 testes
1036 2504 1123 2566 sunt.
1169 2496 1242 2563 Non
1268 2519 1397 2582 possum

241 2604 324 2668 enim
349 2601 439 2668 illum
466 2627 485 2670 a
508 2607 661 2672 memoria
694 2607 799 2673 delere
826 2627 862 2672 ac
891 2628 954 2673 non
978 2605 1132 2690 diligere,
1166 2604 1232 2687 qui,
1263 2603 1342 2667 dum
1368 2603 1396 2666 in

242 2708 389 2774 humenis
411 2716 503 2792 esset,
527 2711 713 2797 frequenter
735 2734 786 2778 me
807 2712 874 2777 auis
895 2711 1119 2778 dilectionibus
1135 2709 1290 2794 prevenit.
1329 2707 1395 2774 ΕΗ

241 2815 290 2881 ιιὶ
316 2815 362 2880 fui
385 2815 463 2882 lorti
485 2817 612 2884 vinculo
635 2819 778 2884 caritatis
801 2818 1009 2897 conbinatos,
1040 2823 1072 2883 et
1104 2815 1166 2880 tibi
1188 2814 1283 2898 cupio
1312 2813 1396 2879 uniri

241 2920 274 2984 in
294 2920 411 2986 amoris
431 2922 623 3006 amplexum,
648 2924 801 3009 rogitans,
824 2930 861 2990 ut
883 2924 1098 3008 quiescentem
1114 2941 1219 2988 renem
1236 2919 1315 2986 olim
1341 2943 1396 2984 ae-

242 3029 387 3091 teranum
410 3027 597 3114 diligentem
623 3031 785 3114 reciproca
807 3029 980 3096 dilectione
997 3027 1115 3113 diligas
1140 3032 1172 3093 et
1196 3026 1340 3091 militare
1366 3026 1396 3090 io

242 3153 354 3216 campo
377 3133 610 3219 scripturarum
636 3157 762 3202 rursum
787 3157 850 3202 non
874 3156 969 3220 cogas
992 3139 1038 3216 tu,
1062 3135 1117 3220 qui
1140 3132 1247 3198 iunior
1270 3153 1314 3196 es.
1358 3129 1398 3194 lu

241 3236 267 3301 ei
292 3242 324 3301 te
346 3239 466 3303 eriserie
490 3240 612 3307 calamo
635 3241 704 3322 lesi,
727 3243 871 3308 dimittes
893 3241 992 3308 michi
1022 3262 1080 3306 nec
1110 3261 1160 3304 me
1183 3236 1321 3303 uicissim
1346 3236 1394 3300 ls-

242 3342 345 3407 dendo
368 3341 486 3408 malum
513 3367 571 3431 pro
595 3346 680 3412 malo
703 3347 824 3426 reddas,
847 3369 919 3412 oum
935 3346 964 3411 ei
979 3346 1022 3412 sit
1045 3343 1217 3412 secundum
1235 3341 1395 3407 iusticiam

242 3447 478 3530 ignoscendum,
502 3451 557 3535 qui
580 3456 769 3536 provocatus
792 3451 918 3536 appetit
947 3472 980 3517 se
1003 3449 1123 3517 ulcisci.
1177 3447 1249 3511 llrit
1270 3447 1304 3510 in
1327 3447 1395 3530 pri·

242 3551 302 3615 mis
324 3557 489 3637 acceptum
512 3557 581 3636 deo,
604 3557 666 3622 erit
690 3556 768 3622 mibi
791 3561 940 3641 gratum,
973 3556 1034 3621 erit
1058 3552 1245 3621 honorabile
1265 3556 1320 3616 tue
1342 3572 1394 3616 ca-

243 3655 353 3738 ritati,
385 3681 481 3744 quam
503 3661 580 3726 deus
603 3660 740 3726 feliciter
774 3681 960 3726 conservare
983 3660 1133 3745 dignetur
1162 3677 1247 3724 nunc
1268 3662 1302 3722 et
1324 3655 1394 3722 lon·

241 3781 330 3845 geue.
377 3761 456 3829 Vale
478 3766 578 3831 amice
612 3769 644 3830 et
675 3765 778 3830 frater
801 3765 983 3844 carissime,
1015 3766 1100 3830 etate
1123 3761 1182 3842 fili,
1205 3763 1309 3846 gradu
1332 3783 1394 3827 nun

243 3867 348 3934 minor
370 3874 402 3933 el
425 3868 485 3936 hoc
508 3893 527 3934 a
550 3892 599 3936 me
623 3874 753 3955 rogatus
777 3871 920 3949 observa,
953 3873 989 3934 ut
1018 3865 1170 3954 quioquid
1193 3867 1275 3934 mibi
1296 3869 1394 3952 scrip·

243 3974 331 4054 seris,
353 3975 393 4040 ad
416 3997 467 4041 me
487 3977 626 4061 primum
650 3975 747 4042 facias
770 3976 944 4060 pervenire.
983 3974 1028 4040 lix
1044 3973 1212 4060 Dillingen
1236 3995 1321 4040 anno
1338 3975 1393 4040 do·

242 4079 321 4143 mini
344 4080 513 4148 millesimo
538 4081 851 4170 quadringentesimo
866 4081 1063 4166 sexagesimo
1078 4085 1168 4146 sexto
1185 4081 1290 4166 prima
1309 4102 1394 4146 men·

242 4183 286 4248 sis
309 4183 400 4269 Julij.
547 4173 558 4198 '

805 4279 823 4319 ιι

315 4358 423 4414 lOben
441 4359 538 4416 a143:
559 4359 654 4416 »Dices
673 4361 776 4426 lerion,
795 4361 916 4428 caritate
933 4361 962 4415 te
980 4359 1100 4417 dolere«.
1203 4360 1221 4414 2
1238 4357 1306 4415 Hier
1324 4359 1394 4416 l'eblt

260 4448 345 4502 elnae
364 4447 402 4501 im
422 4446 550 4514 citat;s.
572 4465 596 4506 o.
615 4465 636 4504 s.
652 4451 709 4505 144.
781 4449 872 4506 eni?

715 4585 923 4594 n-—n-—n
