3002 5070
799 413 841 479 48

248 586 294 652 ita
316 593 353 652 ut
375 587 465 652 vobis
489 609 551 652 non
574 609 677 672 prece,
702 589 890 673 quinymmo
912 588 981 652 solo
996 588 1082 652 iussu
1104 587 1253 672 opns'sit.
1292 587 1402 666 Quan-

246 697 316 756 tum
340 691 441 778 igitur
463 692 497 758 in
521 715 572 758 me
594 694 666 772 erit,
688 695 796 758 omnia
817 715 876 777 pro
892 714 955 760 non
978 693 1072 759 iactis
1095 692 1213 758 habere
1236 693 1404 770 constitui,

247 797 429 864 defensioue
450 803 556 864 tamen
581 799 659 864 mihi
675 821 801 884 semper
816 798 913 880 salva,
935 800 961 864 si
978 799 1079 864 eidem
1093 795 1328 884 Sig[ismundo]
1353 797 1404 862 in·

247 907 342 968 antea
375 925 425 968 ms
459 903 651 970 iudicialiter
684 905 846 970 occasione
879 905 989 970 littere
1024 902 1273 970 conveniendum
1297 903 1404 967 animo

251 1009 413 1086 resideret,
437 1008 522 1094 quod
546 1007 690 1074 futurum
715 1029 778 1074 non
803 1009 903 1074 eredo.

337 1112 459 1178 Rursus
482 1135 554 1179 enm
578 1113 791 1181 intellexerim
819 1113 1001 1199 imperiales
1024 1119 1056 1180 et
1080 1113 1300 1198 imperatrices
1330 1133 1405 1197 pre-

248 1241 297 1284 ces
320 1240 379 1303 pro
394 1215 544 1284 Udalrieo
567 1220 635 1286 filio
659 1225 764 1287 vestro
780 1221 819 1286 ad
836 1219 1024 1286 collaciones
1039 1241 1097 1304 per
1112 1241 1168 1284 vos
1190 1219 1402 1304 explorandas

247 1324 341 1389 facile
363 1325 503 1390 obtineri
526 1347 617 1409 posse
640 1331 737 1411 atque
760 1325 794 1391 in
818 1325 878 1390 hoe
900 1345 963 1390 uno
985 1345 1080 1410 quam
1101 1323 1281 1410 qualiterve
1306 1343 1406 1408 agen-

248 1431 322 1495 dum
345 1430 435 1496 vobis
457 1431 511 1510 sit,
536 1454 586 1496 me
613 1432 773 1516 requirere
795 1430 957 1510 voluistis,
986 1451 1045 1514 ego
1066 1451 1151 1509 vero,
1177 1430 1231 1515 qui
1257 1429 1305 1494 nil
1327 1429 1406 1493 mibi

248 1537 373 1620 gratius
393 1558 490 1619 qnam
501 1537 590 1602 vobis
600 1544 633 1602 et
644 1539 758 1602 vestris
769 1537 894 1622 placere
906 1557 998 1620 posse
1013 1535 1168 1615 existimo,
1184 1557 1258 1600 cum
1273 1535 1338 1598 iarn
1350 1533 1407 1597 du-

248 1641 324 1705 dum
332 1640 563 1722 deliberassem,
576 1642 725 1730 diligenti
740 1643 894 1708 scrutinio
905 1641 1071 1727 superbae
1082 1638 1404 1721 habito,collaeionea

249 1746 315 1810 filio
330 1752 436 1811 vestro
451 1747 564 1831 dignas
580 1749 674 1814 hodie
688 1754 835 1816 vacantes
851 1769 914 1814 non
928 1747 1090 1832 comparui
1103 1747 1150 1832 [!].
1177 1744 1262 1811 Loca
1277 1747 1409 1829 insuper

249 1873 369 1936 perros
387 1852 550 1918 nominata
561 1854 656 1939 longe
669 1859 999 1939 anteoccnpatasnnt.
1020 1849 1259 1918 Condneibilins
1270 1850 1408 1934 denique

251 1962 348 2043 atque
367 1957 479 2022 utilius
494 1960 643 2038 arbitror,
667 1959 797 2024 omnino
820 1957 880 2023 hoc
903 1963 1046 2042 ternpore
1068 1957 1285 2042 supersedere,
1310 1977 1404 2040 qnam

249 2087 307 2149 pro
331 2063 469 2132 exilibus
492 2065 634 2151 levisque
658 2065 868 2149 importaneie
903 2063 1063 2148 beneficijs
1091 2062 1227 2128 maiores
1250 2081 1406 2144 expensas

249 2173 364 2237 facere.
410 2170 656 2258 Signatnrarnm
681 2170 766 2234 eninr
781 2169 887 2236 facilis
906 2168 1065 2244 obtancio,
1089 2167 1231 2234 difficilis
1255 2188 1332 2232 vero
1358 2173 1408 2230 at-

253 2299 314 2363 que
329 2280 517 2361 snmptnosa
539 2275 704 2354 extraceio,
729 2282 826 2358 prout
853 2295 890 2338 ex
916 2273 988 2356 alijs
1010 2295 1062 2339 me
1085 2273 1262 2358 sapientius
1282 2269 1405 2336 intelli·

253 2383 404 2468 gentibus
421 2382 537 2446 elarius
551 2381 696 2464 excipere
706 2379 921 2465 potuistisetc.
935 2415 977 2426 —
991 2377 1030 2442 D.
1039 2375 1175 2442 Karalus
1185 2375 1275 2463 ngn
1289 2377 1300 2412 ¹
1319 2397 1409 2440 men·

250 2489 337 2552 sibus
353 2487 444 2572 qnasi
472 2487 594 2554 duobus
610 2487 676 2551 iam
703 2485 801 2570 lapsis
824 2487 857 2549 in
874 2483 1075 2569 capellanum
1100 2483 1219 2549 domini
1235 2481 1410 2547 cardinalia

250 2597 283 2657 et
298 2592 398 2676 legati
413 2589 426 2628 ¹
442 2597 589 2676 aceeptus
605 2613 643 2656 ex
660 2589 807 2674 Wyenna
820 2613 926 2656 secum
943 2591 975 2655 in
992 2589 1085 2675 aquis
1101 2587 1279 2672 Ungariam
1295 2609 1409 2652 versus

251 2697 413 2781 profectus
428 2701 476 2761 est
491 2702 549 2761 etc.

339 2801 474 2886 Insuper
489 2823 548 2886 pro
573 2804 781 2884 pertentatus
806 2800 864 2864 mei
883 2805 1039 2884 quantum
1059 2801 1164 2885 operis
1187 2819 1331 2886 eousque
1353 2799 1409 2864 ad·

251 2908 431 2985 hibueritis‚
448 2906 647 2991 experiencia
662 2905 772 2970 doctus
787 2927 867 2970 sum.
913 2903 991 2970 Rem
1017 2907 1136 2971 etenim
1153 2905 1245 2991 quasi
1278 2903 1407 2989 expedi·

252 3019 316 3078 tam
333 3015 382 3078 vel
413 3013 580 3078 novissime
604 3011 829 3095 expediendam
853 3009 1067 3096 salerinmque
1090 3013 1123 3077 in
1150 3011 1326 3077 arbitrium
1341 3031 1408 3076 cer·

251 3123 356 3183 terum
372 3139 580 3202 personarum
602 3117 692 3182 robis
707 3115 891 3182 solicitante
912 3117 1050 3182 locatum
1076 3117 1248 3202 comperio,
1274 3139 1413 3202 quorum

252 3225 387 3289 arbitrio
412 3246 462 3288 me
487 3222 589 3287 libens
614 3221 745 3300 subicio,
767 3219 899 3286 minime
922 3223 1082 3303 dubitans,
1111 3224 1187 3308 quin
1213 3225 1358 3307 pensatis
1380 3223 1411 3288 in

252 3331 311 3394 hac
337 3352 370 3393 re
394 3331 462 3393 iure
484 3328 607 3410 optimo
634 3327 802 3410 pensandis
831 3327 978 3412 legaliter
1003 3326 1082 3392 mihi
1102 3329 1262 3413 provideri
1280 3329 1410 3395 debebit

253 3441 291 3498 nt
305 3433 402 3498 michi
421 3433 484 3516 ipsi
501 3432 635 3496 utilitati
659 3438 691 3496 et
715 3432 850 3498 dominis
872 3434 948 3497 meis
965 3433 1078 3499 honori
1096 3456 1163 3500 esse
1178 3436 1310 3521 possim.
1358 3434 1412 3499 ln-

252 3544 447 3603 crementum
479 3538 563 3602 enim
592 3537 724 3622 (meum)
749 3559 811 3604 non
835 3539 936 3620 magis
961 3560 1064 3604 meum
1087 3561 1182 3626 qnam
1207 3540 1413 3606 dominorum

253 3665 396 3709 meorum
421 3649 544 3727 reputo,
570 3664 628 3728 pro
659 3665 792 3728 quorum
825 3649 858 3708 et
878 3643 924 3708 rei
947 3643 1076 3728 publice
1096 3666 1204 3710 eornm
1233 3647 1413 3724 commodo,

253 3748 395 3814 utilitate
419 3755 452 3816 et
477 3750 598 3814 honore
622 3747 746 3813 nullum
775 3771 924 3834 umquam
950 3749 1062 3814 mortis
1101 3749 1281 3834 perieulum
1304 3751 1415 3816 subire

255 3855 441 3921 formidabo.
496 3859 602 3941 Atque
625 3855 718 3918 deum
741 3875 817 3932 oro,
851 3877 890 3920 ne
923 3853 1009 3918 bunc
1031 3877 1081 3918 me
1104 3855 1186 3920 diem
1210 3857 1321 3922 vivere
1343 3880 1416 3942 per·

255 3962 374 4041 mittat,
398 3984 471 4047 quo,
496 3983 559 4025 non
582 3961 653 4025 dieo
670 3959 701 4024 id
716 3957 829 4041 loquar
845 3957 894 4024 vel
911 3961 1025 4024 faciam
1049 3998 1087 4008 —
1110 3983 1221 4024 verum
1247 3985 1314 4046 quo
1340 3965 1418 4030 talia

254 4065 384 4132 mente³
408 4065 577 4144 revolvam,
603 4087 664 4148 que
688 4063 748 4126 iste
771 4064 1027 4146 perversissimus
1052 4065 1214 4130 hominum
1240 4065 1417 4134 Heinriens

824 4213 841 4250 s

327 4385 338 4436 l
361 4382 412 4436 Eia
432 4385 509 4438 sonat
527 4381 607 4436 nicht
621 4377 780 4433 eratbnter
798 4377 985 4448 angahdriger
997 4378 1046 4434 der
1056 4379 1217 4434 Mkannten
1229 4381 1415 4454 Angabnrger

259 4469 511 4542 patriaiersamilic.
583 4467 692 4522 2Juan
713 4465 855 4534 Carvajal.
927 4467 943 4518 3
962 4465 1020 4520 cod.
1040 4466 1136 4520 menti.
