3002 5070
796 419 817 480 2

230 595 350 659 domini
374 593 567 678 capitulares
590 590 795 655 intenderent
818 591 997 672 procedere,
1022 597 1057 654 ut
1080 612 1151 654 cum
1174 590 1246 654 aliis
1272 592 1388 654 vestris

230 701 320 764 bonis
343 699 455 764 amicis
478 720 514 762 ac
537 696 718 761 fautoribus
742 695 1032 778 concapitularibus
1049 695 1186 778 benigne
1202 699 1307 760 astare
1329 717 1385 760 ve-

228 806 305 884 litis,
330 807 486 888 quantum
509 803 705 886 possibilitas
728 805 835 864 vestra
857 801 1010 884 suppetit,
1035 823 1093 884 pro
1116 800 1254 866 eiusdem
1279 806 1385 864 status

227 909 408 992 adepcione,
430 909 615 992 supplicans
628 908 753 986 obnixe,
771 913 806 971 ut
823 913 964 990 tempore
987 907 1186 986 intermedio,
1209 913 1383 989 antequam

228 1016 266 1079 ad
290 1015 479 1080 eleccionem
504 1014 690 1098 procedetis,
714 1035 774 1096 pro
789 1035 839 1076 me
862 1034 917 1075 vos
932 1033 1086 1095 occupare
1101 1012 1208 1074 velitis
1232 1012 1385 1095 precipue

228 1142 304 1203 erga
327 1141 388 1198 eos,
412 1142 548 1204 quorum
570 1121 704 1184 interest
726 1118 829 1183 lacere
859 1117 1056 1182 eleccionem.
1096 1116 1176 1192 Scio,
1200 1117 1279 1181 alios
1301 1118 1382 1181 duos

228 1227 371 1290 doctores
402 1231 542 1289 extreme
571 1225 717 1290 laborare
749 1248 808 1308 pro
838 1225 1010 1308 adepcione
1033 1225 1172 1288 eiusdem
1194 1229 1315 1303 status,
1346 1227 1387 1286 ut

228 1330 308 1394 mihi
332 1329 469 1394 relatum
493 1333 540 1392 est
556 1331 692 1393 veridice
709 1329 727 1395 ¹.
776 1327 1013 1394 Nicbilominus
1027 1329 1238 1412 vigilantibus
1262 1335 1295 1393 et
1318 1349 1383 1392 non

229 1435 461 1501 dormientibus
484 1435 555 1498 iura
577 1434 780 1500 subveniunt.
827 1432 925 1516 Spero
944 1434 1138 1498 confidencia
1153 1433 1236 1497 bona
1258 1440 1290 1497 et
1314 1435 1382 1498 sin-

228 1541 345 1626 gulari,
368 1540 396 1602 si
420 1539 601 1604 reverencia
622 1543 729 1603 vestra
750 1560 782 1602 se
805 1560 864 1622 pro
887 1561 937 1602 me
954 1538 1103 1602 extendat
1118 1538 1150 1602 in
1170 1539 1383 1622 promovendo

229 1668 306 1732 erge
329 1645 473 1710 dominos
504 1646 542 1709 de
565 1643 716 1728 capitulo,
747 1644 831 1727 quod
861 1645 1009 1709 effectum
1037 1649 1239 1727 preoptatum
1264 1643 1387 1708 sorcior

229 1749 373 1815 indilate.
419 1749 461 1813 Et
493 1749 520 1812 si
548 1750 637 1815 vobis
659 1750 784 1814 videtur
807 1752 987 1814 consultum
1020 1771 1096 1812 sano
1125 1755 1229 1813 vestro
1251 1748 1386 1813 consilio

230 1856 398 1935 mediante,
422 1861 459 1921 ut
482 1877 533 1918 me
554 1855 766 1938 personaliter
799 1857 837 1918 ad
863 1853 1046 1938 Eystadiam
1071 1855 1252 1936 conspectui
1277 1858 1386 1918 restro

229 1985 265 2027 ac
287 1962 424 2026 aliorum
448 1960 648 2026 dominorum
673 1961 711 2024 de
734 1960 875 2044 capitulo
898 1965 1092 2043 presentem,
1123 1979 1201 2042 rogo
1226 1959 1384 2042 precibus,

230 2067 345 2150 quibus
367 2065 468 2145 valeo,
491 2065 619 2149 scriptis
635 2067 749 2131 vestris
765 2065 842 2129 mihi
860 2067 1066 2144 innotescere,
1089 2069 1146 2130 aut
1167 2065 1192 2128 si
1216 2064 1387 2128 necessitas

229 2177 321 2237 tante
344 2172 558 2248 incumberet,
591 2169 741 2236 nuncium
772 2172 938 2256 proprium
963 2171 1110 2254 'propriis
1135 2171 1212 2234 uicis
1238 2171 1387 2254 expensis
1441 2185 1444 2190 ’

228 2279 427 2362 translegare
449 2277 577 2342 curetis.
624 2275 779 2341 Dominus
803 2275 844 2342 N.
869 2274 1122 2353 Waldefelser⁹,
1147 2276 1324 2359 prepositus
1347 2275 1384 2338 in

231 2381 375 2462 Bernaw,
394 2385 554 2447 vobiscum
572 2381 828 2464 concapitularis,
846 2380 1098 2446 incolumitatem
1115 2403 1152 2444 ac
1168 2382 1280 2445 bonam
1298 2379 1386 2443 vale-

229 2489 371 2553 tudinem
405 2486 548 2571 corporis
583 2489 681 2554 vestri
717 2487 897 2552 luculenter
919 2488 1085 2571 exposuit,
1114 2486 1322 2550 salutacioues
1345 2485 1387 2549 de

230 2593 398 2658 honestate
422 2599 528 2657 vestra
550 2594 745 2677 adiungens,
768 2614 830 2674 que
846 2613 994 2677 magnam
1019 2593 1158 2656 leticiam
1181 2597 1214 2655 et
1238 2589 1387 2654 iocundi-

229 2703 330 2764 tatem
354 2700 435 2764 mibi
458 2699 641 2763 attulerunt
653 2747 735 2763 .....

703 2859 888 2866 --ι-α-

791 2965 825 3036 2.

230 3084 424 3157 Hermann
453 3084 607 3158 Schedel
644 3110 694 3158 an
731 3087 853 3181 [einen
882 3086 1122 3180 Ndrnberger
1149 3080 1388 3176 geistlichen.

627 3209 842 3282 Eiohatettl
876 3209 999 3300 1452}

599 3329 662 3385 clm.
679 3329 731 3382 224
750 3329 769 3382 f.
788 3329 848 3382 240.
886 3329 1017 3396 Concept.

233 3453 440 3518 llintritt
478 3455 553 3519 des
587 3453 792 3520 Andreas
831 3450 1028 3516 Rummel
1061 3450 1100 3512 in
1136 3450 1208 3514 die
1242 3451 1389 3521 Niirn-

577 3559 739 3642 berger
770 3558 1027 3621 karthause.

321 3699 502 3763 Admiraeio
525 3719 589 3762 non
607 3697 773 3761 mediocris
795 3719 845 3761 me
865 3698 960 3780 cepit,
984 3696 1155 3760 reverende
1177 3717 1213 3759 ac
1237 3697 1392 3782 religiose

231 3809 340 3887 pater,
374 3805 411 3868 de
444 3803 601 3886 quondam
626 3802 785 3866 consodali
816 3803 848 3865 in
874 3802 933 3864 hoc
955 3801 1130 3864 fluctuante
1154 3823 1241 3865 urere
1272 3825 1308 3866 ac
1331 3804 1389 3868 de-

230 3916 325 3992 gente
351 3909 477 3972 dcmino
494 3907 622 3970 Andrea
640 3905 763 3985 Rumel,
787 3906 842 3990 qui
859 3905 936 3970 licet
958 3929 976 3967 a
1001 3903 1176 3988 puerilibus
1201 3907 1292 3970 annis
1315 3911 1389 3970 stu·

229 4017 281 4079 dio
305 4013 536 4078 ferventissime
559 4011 727 4074 inherebat
751 4017 782 4075 et
807 4010 870 4094 qui,
897 4031 969 4074 cum
992 4011 1081 4072 varia
1103 4031 1220 4094 genera
1244 4011 1387 4075 discendi

230 4121 362 4198 videret,
385 4121 419 4182 in
443 4118 558 4202 quibus
583 4115 684 4179 multa
708 4137 779 4180 curn
804 4115 895 4179 laude
911 4121 1017 4197 posset
1034 4115 1163 4192 versari,
1190 4121 1296 4179 tamen
1313 4135 1392 4197 pre-

230 4226 440 4291 clarissimam
462 4244 498 4288 ac
520 4221 724 4286 utilissimam
749 4223 813 4286 vite
836 4219 1020 4284 mortalium
1045 4241 1115 4282 curu
1142 4219 1223 4283 vidit
1249 4219 1284 4302 (i)
1309 4219 1397 4285 iuris

801 4329 818 4368 e

301 4411 441 4468 lVorher
465 4413 503 4466 ist
520 4411 744 4467 durchstriohen:
775 4429 808 4465 ex
836 4409 928 4466 verbis
962 4409 1068 4466 demini
1095 4408 1211 4478 sigfridi
1232 4407 1401 4466 beonroder

233 4519 283 4570 pro
301 4517 375 4556 nuuc
393 4497 593 4569 Ndremberge.
666 4499 682 4552 2
703 4497 854 4554 Nicolaus?
885 4495 979 4566 Vergl.
999 4499 1085 4550 uuten
1105 4514 1125 4549 a.
1146 4497 1162 4550 6
1183 4515 1209 4550 a.
1233 4499 1253 4550 l.
