3002 5070
793 429 835 493 60

239 625 289 668 ros
312 603 455 668 amicicie
477 603 627 668 indicium
658 602 806 686 frequens
830 601 972 666 suavium
1001 602 1110 668 missio
1127 603 1322 680 litterarum,
1344 603 1390 665 sed

239 709 313 793 quia
337 707 514 773 huiusmodi
538 707 677 772 dictandi
701 707 827 771 litteras
842 707 921 772 mibi
946 707 1061 772 nedum
1090 707 1189 772 affore
1211 707 1324 772 sencio
1346 707 1390 770 la·

238 814 400 893 cultatem,
423 813 500 878 mihi
525 815 557 878 in
581 813 643 878 boc
674 811 898 898 ignoscendum
923 833 1054 894 censeo,
1083 813 1166 898 quod
1190 811 1391 877 reverenciali

239 920 358 1004 pudore
381 919 543 1004 sepissime
566 921 722 984 retractus
750 937 819 980 sum
843 921 875 981 et
899 916 975 1002 quia
998 919 1081 1003 quod
1099 917 1186 982 volui
1210 941 1273 983 non
1300 917 1391 981 valui.

239 1023 434 1108 Scriptnrire
465 1023 596 1088 interim
619 1023 728 1106 pocius
751 1022 836 1088 volui
853 1045 947 1107 quam
964 1024 1112 1104 scribere,
1136 1047 1176 1088 ne
1198 1023 1285 1089 forte
1309 1023 1394 1086 iuxta

238 1128 478 1212 proporcionem
514 1127 610 1191 etatis
643 1130 788 1209 respectu
812 1127 980 1210 temporis,
1009 1129 1092 1212 quod
1130 1128 1162 1193 in
1187 1128 1394 1194 universitate

238 1233 342 1296 minus
366 1233 490 1298 utiliter
517 1253 613 1318 quam
645 1232 739 1296 debui
762 1235 963 1312 consumavi,
997 1234 1183 1318 ignorancie
1206 1239 1263 1299 arat
1287 1233 1392 1318 pueri·

238 1336 339 1400 litatis
369 1358 540 1420 arguerer,
576 1338 650 1421 quia
674 1337 785 1416 audio,
819 1337 851 1401 in
877 1337 972 1402 ltalia
995 1347 1159 1423 promotos
1185 1341 1394 1406 communiter

239 1442 362 1524 pellitis
385 1443 578 1508 carminibus
611 1443 761 1508 delectari
787 1451 818 1507 et
843 1465 903 1507 non
928 1465 981 1508 eos
1013 1465 1207 1530 magnopere
1238 1451 1394 1531 reputare,

238 1547 292 1631 qui
318 1549 437 1631 agresti
465 1550 589 1613 calamo
618 1549 823 1616 rusticantur.
871 1549 939 1615 Hec
954 1556 987 1615 et
1010 1550 1074 1633 lrijs
1096 1551 1215 1616 similia
1238 1551 1271 1616 in
1297 1555 1396 1616 ment

237 1674 299 1716 non
316 1653 498 1731 scriberem,
523 1653 711 1719 eiuscemodi
736 1655 882 1718 timorem
901 1656 1023 1738 pariter
1039 1661 1071 1719 et
1086 1657 1312 1722 verecundiam
1332 1679 1391 1720 non

238 1757 397 1823 immerito
424 1763 626 1843 pepererunt.
672 1757 899 1824 Verumtamen
924 1760 1014 1838 talis,
1047 1767 1083 1826 ut
1105 1762 1199 1826 eredo
1223 1761 1305 1826 bene
1329 1761 1394 1845 pia-

238 1863 312 1927 bilis
344 1863 542 1949 negligencia
576 1865 697 1948 poterit
719 1885 862 1929 successu
889 1865 1041 1949 temporis
1074 1866 1132 1930 deo
1156 1867 1319 1951 largiente
1342 1887 1391 1930 ve·

238 1967 356 2051 geciori
384 1969 415 2031 in
442 1990 491 2032 me
514 1969 776 2035 convalescente¹
811 1971 939 2054 ingenio
963 1971 1092 2054 scriptis
1115 1971 1390 2056 frequencioribus

237 2077 270 2136 et
296 2072 378 2138 forte
414 2074 620 2158 policioribus
654 2077 859 2159 compensari.
917 2075 964 2141 De
1000 2075 1188 2142 habitudine
1221 2082 1331 2141 autern
1364 2081 1393 2138 et

237 2179 490 2262 circumstaneijs
507 2186 609 2245 status
627 2182 687 2245 mei
706 2186 738 2245 et
752 2201 886 2265 persone
908 2181 1064 2246 altissimo
1081 2187 1189 2265 grates
1206 2201 1276 2265 ago.
1314 2179 1394 2245 Nam

237 2283 389 2368 sospitate
421 2286 562 2370 corporis
593 2307 730 2370 superno
753 2293 882 2350 munere
905 2287 1016 2372 vigeo,
1044 2287 1169 2354 utinam
1205 2286 1244 2350 ad
1268 2286 1391 2352 laudem
1469 2336 1470 2368 ,

238 2389 336 2473 ipsius
359 2389 423 2469 diu,
447 2394 479 2455 et
501 2411 627 2474 operam
652 2391 770 2454 areium
795 2391 933 2474 inpendo
964 2391 1088 2470 studio,
1113 2394 1149 2455 nt
1171 2391 1284 2455 estimo
1311 2411 1393 2456 corn-
1470 2424 1471 2451 l

239 2501 408 2578 petentem.
457 2494 527 2560 Non
555 2502 660 2561 tamen
685 2497 737 2561 hic
761 2497 921 2582 propriam
945 2495 1096 2581 congruit
1119 2497 1232 2561 cudere
1254 2494 1391 2570 laudem,
1471 2511 1472 2534 ¹

238 2623 277 2664 ne
292 2600 375 2664 forte
391 2623 460 2666 cum
479 2602 627 2666 dedecore
644 2603 750 2667 videar
766 2623 925 2687 arrogare.
962 2602 1021 2667 Sed
1039 2599 1079 2666 N.
1092 2599 1117 2682 ²,
1140 2623 1235 2686 quem
1252 2606 1288 2665 ut
1301 2600 1394 2666 audio

238 2705 421 2790 aliqualiter
446 2707 585 2783 noscitis,
610 2707 664 2792 qui
688 2707 826 2794 longelll
859 2707 924 2772 fuit
948 2715 1090 2792 tempore
1122 2707 1200 2771 mihi
1223 2705 1394 2771 allencione

238 2811 428 2875 amicissima
451 2811 622 2875 inclinatus
645 2815 677 2874 et
699 2811 788 2876 vobis
813 2813 932 2877 dudum
947 2813 1085 2876 seribere
1102 2811 1278 2896 proposuit,
1303 2813 1392 2877 euius

238 2915 337 2980 eciam
362 2915 603 2994 direccionibus,
628 2937 706 2999 quas
722 2938 799 3000 erga
822 2939 871 2982 me
894 2939 1018 3003 semper
1041 2917 1313 2984 favorabilissima
1337 2917 1392 2982 ba·

238 3020 308 3084 buit
331 3020 562 3101 sollieitudine,
586 3043 681 3105 pareo
704 3022 893 3106 diligenter,
925 3023 1013 3088 vobis
1036 3024 1133 3088 eciam
1157 3043 1227 3086 cum
1252 3021 1393 3106 presenti

237 3127 380 3206 nunerio,
398 3131 434 3190 ut
450 3127 573 3202 estimo,
589 3149 685 3211 super
702 3126 773 3211 hijs,
791 3131 827 3191 ut
843 3127 983 3211 poscitis,
1000 3127 1149 3212 quiddam
1165 3125 1303 3210 scripsit.
1338 3125 1393 3192 Cui

237 3231 334 3296 eciam
359 3232 530 3317 aliquando
562 3254 613 3298 me
639 3232 892 3298 recommendare
916 3231 1091 3316 dignemini
1115 3232 1244 3315 scriptis
1267 3234 1393 3310 vestris,

237 3337 312 3422 quia
333 3337 410 3402 mihi
434 3359 559 3422 semper
586 3359 709 3404 omnem
734 3337 968 3402 humanitatem
992 3336 1137 3402 exhibuit
1167 3341 1199 3401 et
1222 3337 1316 3402 hodie
1343 3339 1394 3404 be-

237 3443 524 3508 nivolentissimam
545 3466 579 3508 se
595 3444 724 3509 exhibet
740 3443 778 3508 nd
794 3443 913 3520 omnia,
937 3463 998 3525 que
1016 3440 1093 3507 mihi
1111 3444 1295 3526 cognoverit
1311 3466 1391 3528 quo·

239 3547 411 3613 modolibet
445 3547 622 3632 profutura.
668 3548 730 3614 Per
766 3549 823 3613 bec
846 3549 926 3612 bene
947 3546 1053 3612 valere
1076 3568 1129 3612 vos
1161 3551 1238 3631 opto
1261 3552 1293 3612 et
1316 3549 1392 3614 deus

236 3657 437 3740 omnipotens
468 3659 604 3720 vestrum
636 3655 780 3722 fortunat
808 3675 988 3720 successum
1019 3658 1052 3717 et
1086 3653 1119 3716 in
1151 3655 1239 3716 statu
1261 3653 1391 3737 utrique

240 3761 361 3826 homini
383 3761 516 3826 salutari
540 3761 638 3846 longo
661 3766 804 3846 tempore
828 3767 861 3826 et
883 3759 1022 3824 feliciter
1043 3781 1099 3824 vos
1122 3763 1296 3824 conservet.

327 3867 373 3932 Ex
398 3865 542 3952 L[ipcnlr]
568 3869 636 3951 ipso
667 3868 717 3932 die
740 3873 849 3932 sancte
875 3865 970 3930 Lucia
993 3887 1075 3930 anno
1100 3870 1159 3930 etc.
1184 3860 1280 3928 L1X⁰.

314 4062 325 4113 l
347 4057 404 4115 cod.
424 4057 639 4114 convalescente.
717 3997 893 4114 tichinnes
911 4055 945 4110 de
964 4055 1144 4112 Ratisbona?
1175 4073 1193 4108 s.
1213 4071 1256 4110 nr.
1274 4055 1317 4109 26.
