2990 5068
639 412 683 476 93

77 589 216 668 videtur,
238 592 276 652 ut
298 591 384 653 artes
407 586 556 653 continue
571 584 742 664 addiscam,
766 606 827 668 que
844 605 901 649 nec
916 585 1021 650 anime
1037 606 1094 649 nec
1110 583 1236 668 corpori

73 697 151 758 sunt
173 693 323 759 subsidio.
370 691 493 758 Herum
516 690 600 755 euim
617 689 760 774 profecto
776 691 803 753 is
818 694 866 753 eet
882 688 1022 768 effectus,
1046 695 1082 754 ut
1097 712 1233 776 sequen-

75 805 123 862 tes
146 821 202 864 eus
224 798 359 864 subtiles
380 797 414 862 in
442 797 572 882 ingenio
605 795 759 872 reddant,
793 795 846 859 sed
870 795 945 878 qnid
972 795 1121 861 conducit
1143 796 1236 862 rebus

73 902 248 968 inutilibus
277 924 405 968 sensum
432 903 513 981 seui,
536 922 608 968 cum
631 900 697 964 sint
719 900 783 964 ulte
807 903 974 982 etgraves
997 900 1151 976 sciencie,
1176 922 1237 985 que

74 1014 107 1072 et
129 1008 230 1074 utiles
250 1015 327 1074 eunt
342 1012 375 1074 et
387 1006 553 1092 ingenium
575 1006 742 1090 perspicax
758 1006 919 1088 prebent?
942 1005 1000 1071 Est
1017 1028 1068 1071 urs
1083 1007 1236 1087 oratoris,

74 1135 137 1198 qne
160 1114 268 1179 anime
290 1113 430 1179 consulit
452 1117 485 1178 et
507 1113 647 1177 virorum
671 1112 816 1195 gravium
839 1133 954 1195 purum
986 1112 1130 1178 edisserit
1153 1113 1236 1178 veri-

75 1221 188 1282 tutem.
235 1219 312 1284 llius
335 1241 386 1284 me
408 1218 478 1284 dedi
502 1217 693 1302 discipulum
710 1239 842 1302 eumque
858 1239 916 1301 pre
931 1219 1044 1282 ceteris
1062 1218 1144 1304 elegi
1167 1241 1236 1286 mu·

79 1324 130 1408 gis
152 1323 280 1389 utilem.
319 1323 375 1389 Est
397 1330 430 1390 et
444 1323 518 1403 ulie,
541 1329 578 1388 ut
595 1329 716 1389 ceteros
732 1324 868 1400 mittum,
892 1325 955 1388 iam
977 1324 1095 1389 dudum
1110 1347 1167 1408 per
1182 1347 1237 1391 vos

77 1428 159 1493 mihi
184 1451 338 1513 pereussa
352 1430 477 1516 poetice
499 1451 561 1509 urs,
585 1451 646 1513 qne
663 1430 747 1493 viros
762 1429 830 1494 solu
845 1429 1005 1513 preclaros
1021 1429 1131 1496 efficit.
1170 1429 1238 1495 Hec

79 1560 318 1628 quamcumque
343 1559 408 1602 rem
433 1536 675 1621 persuasibilem
690 1534 770 1599 facit
792 1538 957 1615 etormet,
980 1535 1076 1619 plenu
1096 1541 1144 1600 est
1165 1557 1237 1600 seu·

80 1649 200 1732 tencijs
222 1651 255 1711 et
278 1642 418 1726 consilijs
441 1641 582 1726 optimis.
629 1639 713 1705 Huic
728 1641 767 1704 do
782 1661 921 1724 operum.
967 1640 1026 1706 Sed
1050 1646 1156 1707 tumen
1173 1642 1237 1707 dis·

81 1754 223 1820 trahunt
245 1773 296 1815 me
319 1747 425 1812 sedule
453 1747 493 1811 eb
517 1745 579 1830 hijs
595 1750 627 1811 et
649 1745 804 1810 librorum
819 1749 852 1812 et
867 1753 1091 1831 preceptorum
1117 1750 1149 1813 in
1175 1748 1238 1833 hijs

75 1859 207 1925 artibus
241 1853 491 1921 necessariorum
523 1852 679 1931 defectus,
711 1851 802 1916 nullu
825 1853 908 1917 enim
932 1874 983 1918 urs
1006 1852 1109 1918 literis
1132 1889 1177 1900 -
1201 1860 1238 1918 ut

77 1963 243 2029 Ciceronis
266 1966 341 2026 utar
358 1957 463 2023 verbis
481 1959 606 2021 —siue
630 1956 807 2041 interprete
831 1963 863 2022 et
878 1956 987 2042 ulique
1003 1959 1235 2025 exercitucioue

77 2069 203 2154 percipi
220 2072 337 2154 potest,
353 2067 513 2130 doctorem
529 2063 613 2127 enim
629 2063 801 2148 lumenque
820 2064 986 2128 desiderat.
1027 2063 1118 2148 Rogo
1134 2064 1237 2150 igitur

79 2181 179 2260 utque
196 2174 327 2238 obsecro
343 2170 494 2236 maiorem
511 2169 544 2234 in
562 2169 701 2249 mudum,
723 2171 748 2233 si
766 2191 907 2256 unquam
924 2193 991 2236 rem
1005 2178 1131 2256 grutem
1147 2174 1237 2238 vobis

77 2281 185 2345 secere
208 2278 317 2344 studui
340 2282 396 2342 snt
418 2278 543 2344 efficere
566 2277 698 2363 aliquid,
723 2279 805 2363 quod
828 2278 918 2342 vobis
943 2279 1160 2362 gratissimum
1184 2279 1237 2358 sis,

77 2389 204 2468 potero,
227 2387 265 2447 ut
280 2388 386 2448 tumen
402 2383 464 2448 mei
481 2383 589 2469 grecie
605 2387 755 2467 patruum
773 2386 917 2446 nostrum
934 2383 972 2446 de
989 2383 1048 2448 hoc
1063 2382 1237 2449 informare

76 2490 194 2555 uestris
215 2489 346 2573 scriptis
369 2487 474 2554 velitis
496 2509 555 2554 nec
571 2509 634 2552 nou
651 2486 729 2550 mihi
754 2487 787 2550 in
812 2487 870 2552 hec
894 2509 929 2551 re
951 2487 1124 2568 consulere,
1147 2492 1184 2552 ut
1199 2488 1238 2553 ed

81 2594 280 2659 visitandum
297 2592 440 2659 Ytulium
457 2592 623 2676 locumque
639 2596 751 2676 aptum
767 2595 955 2678 tempusque
976 2614 1153 2679 congruum
1180 2593 1238 2659 eli·

83 2721 159 2784 gere
184 2699 285 2764 valeo.
332 2697 417 2764 Deus
440 2699 526 2763 enim
549 2697 640 2776 faxit,
665 2701 701 2762 nt
717 2703 847 2762 eventus
868 2698 985 2763 hubent
1008 2721 1057 2763 res
1081 2699 1191 2764 eclesie
1206 2703 1238 2765 et

79 2805 266 2890 principum
290 2805 483 2870 secularium
507 2803 675 2869 discrimen
699 2803 853 2868 salutares
869 2803 889 2867 ¹.
936 2803 1110 2890 Postquam
1132 2810 1239 2870 tumen

77 2916 221 2976 uestrum
236 2909 473 2994 persuasionem
489 2909 599 2974 -cui
618 2909 687 2974 sine
705 2906 876 2974 formidine
891 2911 976 2974 omni
995 2912 1114 2994 pnrebo
1125 2947 1169 2959 -
1181 2933 1238 2976 su·

78 3015 177 3094 dioro,
201 3014 300 3080 stetui
324 3013 402 3080 illuc
417 3014 573 3098 proficisci
598 3018 630 3077 et
645 3013 786 3078 studium
805 3036 908 3078 meum
932 3023 1060 3100 ceptum
1076 3017 1237 3101 perficere.

79 3119 126 3184 lbi
151 3120 238 3184 enirn
255 3120 418 3185 doctorum
435 3119 612 3204 legencium
634 3119 735 3182 maior
751 3119 921 3204 diligentia
944 3120 1104 3205 simulque
1120 3120 1239 3204 pericia

80 3231 122 3302 et,
148 3230 188 3290 nt
203 3227 311 3290 omnin
325 3226 413 3291 brevi
429 3226 622 3309 complector
636 3245 790 3302 sermone,
814 3227 950 3310 amplior
973 3227 1120 3291 studendi
1136 3227 1237 3292 lucul-

83 3337 131 3395 tus
155 3332 364 3415 prestulutur.
411 3329 556 3395 Nimium
580 3335 685 3394 tumen
711 3332 806 3395 verbe
830 3333 981 3410 extendo,
1015 3353 1115 3416 penca
1137 3333 1238 3397 emico

80 3436 252 3502 sufficient.
298 3435 355 3500 Set
378 3439 435 3515 est,
459 3458 513 3501 vos
535 3457 626 3500 nosse
649 3436 837 3501 desiderium
870 3459 984 3503 meum.
1031 3437 1144 3502 anete
1165 3437 1238 3502 feli-

84 3542 177 3620 citer,
201 3542 329 3626 egregie
353 3542 478 3606 domine
502 3542 623 3618 doctor,
645 3545 677 3604 et
699 3562 787 3625 spem
813 3565 911 3607 meum
938 3543 1079 3628 implete,
1102 3542 1239 3609 sollicite

82 3651 165 3728 peto.
216 3645 261 3710 llx
277 3645 396 3731 Lipczk
419 3665 502 3709 enno
518 3648 578 3709 etc.
606 3643 695 3707 LXll
721 3647 768 3709 15,
789 3647 852 3710 lul.
877 3649 1073 3731 septembris.

652 3771 670 3806 ᾖ

153 3855 167 3908 1
192 3855 256 3924 Vgl.
282 3851 453 3920 Bucbmann,
471 3851 729 3920 Reichsgesehichte
750 3854 770 3918 l,
791 3855 850 3909 277.
894 3855 956 3910 Wie
981 3857 1043 3911 sehr
1062 3855 1135 3911 disee
1154 3856 1239 3924 dinge

84 3941 137 3995 deu
160 3941 307 4012 Leipziger
324 3939 565 4004 studentenlrrsis,
592 3940 621 3994 in
641 3940 704 3996 dem
725 3947 796 3995 euch
821 3943 979 3998 Hertmunn
1000 3944 1165 4008 verlohrte,
1194 3945 1239 3997 be·

82 4028 208 4094 runrren,
225 4029 322 4098 seigeu
341 4027 433 4097 einige
446 4026 533 4082 briefe
551 4043 601 4082 eus
619 4028 669 4083 der
681 4029 843 4100 summlnng
859 4030 906 4086 des
925 4033 989 4089 clm.
1002 4034 1062 4099 466,
1072 4051 1093 4086 e.
1107 4032 1238 4085 Wntten·

84 4113 162 4179 bech,
181 4115 272 4171 Ludo
292 4113 467 4187 [Sepdbdu]
485 4115 543 4170 und
563 4117 631 4170 Anu.
651 4117 668 4173 f.
690 4115 755 4172 Kde.
777 4116 832 4172 dtr.
856 4117 967 4177 Vorueit
988 4121 1063 4176 1880.
1082 4137 1122 4190 sp.
1147 4119 1195 4174 109
1208 4117 1238 4174 ff.

557 4385 766 4395 ———-—
