3002 5070
815 377 856 444 76

807 596 866 668 35.

258 736 449 809 Hermann
477 733 628 807 Schedel
654 758 703 806 an
728 733 938 830 [lohannes
959 733 1004 807 de
1031 733 1249 808 Ratisbone.
1292 731 1413 824 Auge-

617 856 711 952 burg
742 855 839 930 1460
866 859 1055 953 august]¹.

337 1010 400 1065 clm.
419 1009 470 1064 224
489 1008 509 1064 f.
528 1009 602 1068 31212.
633 1009 756 1081 eoneepr
766 1034 774 1077 ;
794 1010 963 1076 verbunden,
982 1010 1159 1080 fcrtsetzung
1176 1010 1206 1065 in
1225 1026 1305 1066 verso
1318 1011 1337 1063 ².

258 1130 487 1199 luvektive.
535 1129 619 1198 Lob
642 1133 712 1198 der
736 1132 963 1212 Italisner,
994 1134 1303 1221 verteidigung
1333 1135 1414 1200 der·

255 1238 404 1304 selben
423 1238 793 1328 besondersgegeu
817 1237 1412 1319 densorwurfderhubsuoht,

255 1346 326 1410 den
357 1366 399 1408 cr
422 1344 496 1408 den
520 1341 778 1423 Deutschen,
807 1365 880 1408 vor
908 1344 1032 1410 ollem
1062 1345 1149 1412 dem
1182 1346 1325 1412 clerus
1349 1370 1409 1411 eu·

302 1450 405 1515 rdck
427 1450 558 1535 giebt.
598 1447 883 1534 Empiehlung
910 1447 1143 1517 Hsrtmsnn
1166 1449 1374 1518 Schedels.

342 1588 475 1655 Sincere
504 1589 553 1652 sui
582 1588 892 1653 recommendsoioue
931 1590 1094 1673 premisse.
1152 1591 1186 1657 Si
1218 1613 1287 1658 mcc
1312 1591 1413 1672 litere,

256 1699 368 1763 doctor
390 1694 539 1780 egregio,
571 1693 694 1759 tordius
717 1715 815 1778 quem
837 1695 1022 1777 oportebat,
1051 1718 1071 1761 s
1102 1719 1154 1763 me
1175 1696 1323 1762 absolute
1346 1697 1412 1762 fue-

255 1803 331 1881 rint,
355 1800 510 1866 maximus
534 1797 615 1865 fecit
637 1798 689 1864 his
719 1799 830 1864 diebus
860 1800 1107 1884 occupecionum
1135 1801 1227 1868 labor
1254 1823 1292 1867 sc
1319 1823 1411 1886 egro-

255 1905 397 1972 tsncium
420 1904 537 1970 nedum
552 1901 729 1969 incolarum
747 1902 800 1968 hic
820 1903 977 1989 Auguste,
993 1925 1104 1970 verum
1120 1910 1153 1971 et
1167 1906 1327 1972 nobilium
1352 1909 1411 1973 cir·

256 2037 455 2100 cumqusque
491 2014 553 2080 huc
576 2013 805 2079 confluentium
834 2015 1114 2098 impedimentum,
1154 2017 1271 2100 quibus
1305 2013 1411 2080 molti·

255 2121 367 2206 phorio
382 2140 552 2205 oppressus
568 2118 713 2196 fuersm;
738 2119 904 2203 potissime
921 2125 1027 2185 tomen
1045 2120 1231 2187 detestando
1253 2120 1410 2186 involucio

257 2226 440 2311 principum
474 2227 655 2289 nostrorum
677 2223 775 2304 fecit,
807 2229 843 2288 ut
865 2223 976 2290 literas
999 2245 1084 2290 mess
1107 2227 1157 2292 cui
1180 2226 1411 2294 committerem

255 2353 318 2398 uon
349 2331 513 2396 habebam
571 2329 727 2413 Proposui
752 2329 850 2395 eciem
874 2335 1025 2414 patruum
1050 2351 1166 2411 meum,
1189 2327 1408 2419 mpgiscrum]

260 2433 523 2524 H[srtmennum]
548 2434 681 2502 Schedel
704 2439 779 2501 ente
801 2437 851 2501 sui
875 2455 1032 2502 recessum
1054 2435 1313 2522 sNurcmberge
1336 2435 1409 2500 risi·

257 2547 358 2622 tasse,
394 2563 464 2608 cum
498 2563 561 2626 quo
595 2542 633 2607 de
665 2541 776 2607 multis
798 2541 1022 2623 contulissem,
1053 2547 1103 2608 set
1125 2543 1158 2608 id
1180 2563 1243 2607 non
1266 2542 1409 2620 debetur,

257 2649 332 2733 quio
362 2648 476 2728 cicius,
506 2669 602 2731 quum
628 2650 813 2733 sperabam,
846 2649 885 2713 sd
907 2648 1146 2714 universitatem
1176 2669 1209 2713 se
1232 2646 1411 2714 transtulit.

257 2752 413 2821 Fecissem
437 2758 468 2818 et
491 2754 551 2819 hoc
573 2753 780 2838 quantocius,
813 2753 840 2818 si
864 2753 1047 2819 discrimine
1069 2753 1194 2818 viarum
1216 2775 1280 2818 non
1305 2753 1410 2818 obste-

257 2859 386 2937 tissent,
418 2882 478 2945 que
509 2860 541 2924 in
565 2858 631 2923 dies
654 2859 726 2943 plus
749 2858 941 2926 invalescere
966 2860 1147 2944 conspicio,
1177 2880 1239 2924 uon
1264 2859 1409 2924 obstsute

167 2957 170 2966 ’
257 2966 433 3046 concordie,
459 2987 520 3050 quc
543 2985 614 3030 cum
637 2965 675 3028 ed
700 2963 836 3029 tutelam
859 2965 1023 3030 hominum
1046 2964 1132 3030 facte
1154 2964 1352 3044 credebatur,
1378 2963 1409 3028 in

258 3071 426 3137 eorundem
455 3068 611 3135 excidium
651 3089 740 3134 verse
771 3072 827 3133 est.
875 3067 956 3134 Num
991 3091 1189 3155 quocumque
1213 3069 1355 3134 locorum
1377 3089 1409 3133 se

257 3177 329 3262 quis
353 3175 525 3242 transferre
555 3175 726 3261 proponit,
757 3197 820 3240 non
844 3174 931 3240 eliud
955 3199 1051 3261 quem
1075 3177 1243 3242 discrimen
1266 3175 1407 3258 comesis

257 3283 518 3367 erepcionemque
531 3282 686 3347 bonorum
702 3302 831 3346 suorum
848 3287 1016 3365 expectare
1032 3281 1135 3347 hebet
1170 3279 1289 3346 Forsan
1313 3280 1406 3346 delic-

257 3387 299 3452 tis
321 3388 438 3452 nostris
462 3386 663 3472 exigentibus
694 3386 809 3453 merito
841 3387 898 3452 hec
920 3388 1073 3471 petimur.
1120 3384 1240 3452 Verum
1266 3391 1315 3451 est
1337 3407 1409 3471 pro·

256 3491 351 3572 fecto,
374 3492 457 3577 quod
479 3492 639 3577 sepientes
655 3492 801 3558 tradunt:
826 3493 934 3558 divine
950 3494 1007 3560 hec
1023 3492 1183 3577 permittit
1202 3492 1403 3576 providencia

257 3596 296 3662 ed
319 3597 562 3664 instruccioncm
586 3604 735 3664 nostram.

345 3701 439 3768 Libet
462 3704 592 3790 insuper
614 3705 653 3770 ed
675 3704 784 3790 elique
806 3706 911 3770 vestre
925 3705 1046 3789 scripte
1069 3704 1168 3772 emico
1183 3700 1407 3788 respondcrc⁸.

257 3807 430 3892 inprimis
459 3815 564 3875 eutem
591 3832 664 3890 oro,
697 3831 736 3874 ne
769 3809 826 3874 hec
857 3813 892 3874 ct
925 3809 1034 3893 priore
1056 3831 1126 3875 mes
1148 3809 1267 3893 scripto
1290 3809 1407 3893 putetis

260 3915 355 3980 fuisse
380 3915 483 3980 ioculo
506 3936 691 4001 morsusque
709 3915 820 3980 livoris
836 3918 868 3981 et
891 3919 927 3979 ut
942 3916 1032 4001 qussi
1049 3915 1238 3980 blandiendo
1261 3935 1317 3980 vos
1338 3913 1407 3979 leu-

825 4019 843 4056 s

330 4109 342 4160 l
364 4105 505 4175 Detirung
524 4107 596 4162 noch
614 4106 678 4162 dem
697 4105 735 4160 im
749 4107 809 4162 text
822 4105 986 4161 eruthnteu
999 4119 1119 4160 recessus
1133 4103 1304 4161 Hortmenui
1322 4105 1405 4160 ollu-

258 4195 405 4262 rembergo
424 4210 444 4246 s.
464 4193 490 4248 d.
509 4193 640 4264 folgende
659 4210 700 4250 nr.
718 4193 761 4249 36.
833 4194 849 4246 2
869 4191 1005 4246 Frfiherer
1017 4193 1141 4247 eutwurf
1155 4192 1223 4248 ibid.
1242 4193 1261 4247 f.
1280 4193 1330 4247 321
1350 4193 1402 4247 und

258 4283 330 4338 321».
409 4281 486 4335 3lm
505 4280 654 4351 folgenden
675 4280 819 4337 sbschnitt
837 4279 876 4335 ist
894 4279 943 4335 der
961 4279 1036 4334 brief
1054 4280 1161 4351 Gregor
1181 4280 1347 4352 Heimburgs
1368 4300 1403 4338 sn

257 4370 319 4426 Joh.
337 4367 393 4424 Bct
410 4367 626 4437 [Jooohimsohn
648 4368 801 4440 lleimburg
819 4371 870 4424 303
884 4367 925 4439 u]
946 4368 1071 4433 benutst,
1090 4368 1199 4424 stdrlrer
1219 4368 1290 4424 noch
1309 4368 1347 4424 im
1365 4386 1404 4424 er·

258 4459 319 4512 sten
339 4458 462 4525 concept.
500 4455 563 4525 Vgl.
584 4459 671 4512 unten
691 4474 731 4510 nr.
750 4457 793 4513 69.
