2990 5068
620 440 682 506 129

69 619 164 683 venit
181 615 326 682 dhaene«
377 615 470 682 Certe
486 617 561 682 dum
576 616 659 681 alter
684 616 821 682 alterum
838 620 982 681 cerneret
997 620 1030 681 et
1046 616 1236 682 alteralteri

71 726 239 788 dexteram
265 727 447 787 reverenter
467 723 668 807 porrigeret,
705 721 916 804 erumpebant
938 719 1076 801 lacrime,
1102 722 1237 808 quilibet

69 827 256 911 subpressit
278 827 365 891 lobia
388 831 421 891 et
444 826 587 912 linguam
615 825 769 904 cohibuit,
793 826 868 911 quia
884 829 998 889 neuter
1012 827 1051 890 ad
1066 827 1235 892 arbitrium

69 933 164 1018 loqui
187 931 305 1016 potuit.
341 929 509 1015 Singultus
533 931 615 996 enim
644 932 795 1015 spiritum
812 931 978 1016 ulmosque
1002 931 1180 1016 intercepit,
1204 935 1236 996 et

68 1040 180 1103 anime
205 1037 287 1101 vires
309 1057 414 1101 meror
436 1037 609 1101 absorbens
632 1034 754 1101 vocales
778 1041 900 1101 meatus
921 1035 1082 1102 anxietate
1105 1036 1232 1122 preclu-

70 1144 178 1209 debat.
227 1140 297 1206 Nec
319 1145 455 1225 protunc
478 1140 534 1205 ille
565 1141 843 1206 reverendissimus
866 1139 982 1204 Petrus
1010 1140 1073 1205 luit
1094 1141 1236 1225 optimus

70 1249 271 1324 consolator,
304 1245 379 1330 quia
409 1247 533 1331 proprij
556 1246 694 1330 gemitus
733 1247 905 1310 vincebant
928 1247 1051 1328 ipsum,
1084 1247 1233 1331 quoniam

74 1354 215 1418 multum
248 1352 376 1416 amabat
399 1373 481 1416 eum.
528 1349 601 1416 ldeo
633 1350 798 1415 infremuit
841 1351 958 1434 spiritu
982 1356 1015 1415 et
1036 1351 1180 1416 turbavit
1202 1371 1235 1414 se

70 1461 189 1542 ipsum,
212 1463 250 1521 nt
274 1456 358 1520 beati
381 1453 539 1520 Johennis
562 1455 699 1538 apostoli
732 1460 806 1518 nter
827 1454 942 1520 verbis.
994 1453 1136 1520 Tandem
1162 1460 1235 1538 post

71 1563 233 1630 modicam
256 1560 414 1626 morulam
438 1559 553 1624 affatus
568 1564 618 1624 est
634 1582 705 1625 eum
735 1559 956 1644 consolatorijs
969 1559 1235 1645 predulcibusque

72 1669 195 1734 verbis.
248 1665 369 1742 Quibus
401 1665 517 1730 auditis
553 1663 781 1742 Leonhardus,
804 1664 881 1729 licet
911 1665 1064 1746 infirmus,
1087 1687 1149 1731 non
1173 1665 1236 1731 luit

70 1796 194 1839 vacuus
222 1775 367 1857 repertus
391 1770 604 1852 responsione,
631 1776 662 1835 et
691 1771 823 1854 insuper
845 1769 939 1833 simul
961 1768 1176 1855 loquebantur
1198 1773 1235 1836 de

70 1881 132 1944 deo
156 1884 190 1942 et
212 1877 341 1942 tandem
365 1876 403 1939 de
426 1880 535 1939 sancto
565 1874 769 1952 Sebastiano,
802 1875 848 1939 sic
871 1875 953 1960 quod
977 1877 1103 1941 auditus
1126 1881 1233 1942 nstan-

70 1985 155 2047 cium
182 1982 290 2046 hausit
316 1978 458 2063 placidos
480 1984 513 2044 et
528 1979 762 2045 ammirationis
790 1985 965 2060 sermones,
982 1982 1058 2066 quia
1079 1982 1234 2047 recitabat

71 2085 282 2152 leonhardus
311 2083 423 2149 ordine
446 2081 575 2147 literato
597 2083 704 2165 plures
726 2082 877 2148 articulos
901 2090 933 2149 et
961 2107 1024 2150 non
1048 2086 1194 2150 deviabat
1215 2109 1234 2150 a

71 2194 159 2256 linea
181 2197 269 2256 recta
292 2191 327 2253 in
357 2209 420 2252 uno
442 2188 519 2252 iota.
578 2187 620 2252 Et
642 2189 716 2253 dum
730 2189 826 2252 finem
844 2191 1045 2273 imponerent
1068 2191 1234 2275 oolloqnijs

71 2305 104 2362 et
127 2319 223 2361 sanus
247 2317 281 2360 se
298 2295 339 2360 ab
358 2314 435 2379 egro
451 2294 616 2378 elongaret
642 2295 676 2358 in
692 2293 793 2358 multa
816 2294 959 2359 amicicia
981 2301 1012 2360 et
1036 2319 1151 2382 magna
1174 2297 1232 2360 tri·

69 2404 177 2480 sticis,
201 2403 318 2466 iterum
345 2399 513 2464 stillabant
529 2401 628 2464 eciam
658 2399 833 2465 astancium
849 2400 988 2465 lacrima.
1033 2401 1125 2467 Dixit
1139 2423 1234 2466 sanus

71 2531 149 2592 egro
175 2504 360 2570 mentaliter
394 2509 449 2568 out
481 2502 641 2568 cffsctu':
696 2501 795 2568 »Vale
816 2504 946 2568 dextero
972 2528 1058 2584 mea,
1089 2507 1234 2572 dominus

71 2619 116 2679 sit
139 2619 245 2677 tecum
271 2616 303 2675 et
320 2631 390 2675 enm
403 2607 519 2692 spiritu
536 2615 624 2674 tuo.‹
682 2608 824 2673 licentra
841 2607 1043 2675 Leouhardus
1059 2609 1152 2677 Petro
1168 2635 1231 2678 me·

71 2718 246 2784 ritissimo:
291 2713 399 2778 »Vade
422 2719 532 2799 pastor
568 2715 728 2791 omnium
756 2715 800 2779 sit
822 2715 882 2779 tibi
906 2718 1105 2782 recommissa
1127 2719 1233 2783 anima

71 2847 171 2888 mea«
228 2824 346 2885 Astans
377 2840 437 2903 ego
470 2820 591 2885 rerolvi
638 2821 673 2884 in
696 2821 801 2886 animo
834 2842 919 2886 meo:
958 2821 1062 2899 ›Ach‚
1095 2828 1232 2908 quantus

71 2929 164 2994 dolor
181 2931 231 2992 est
246 2925 410 3010 separaoio
421 2927 615 2993 confederati
645 2927 737 2992 amici
754 2927 794 2991 ab
810 2927 923 3006 amico,
944 2929 997 2992 sed
1013 2928 1114 2992 maior
1128 2930 1234 2992 anime

70 3059 89 3099 a
120 3055 265 3118 corpore.
322 3032 477 3098 Maximus
506 3039 611 3098 autem
649 3033 754 3098 anime
787 3055 805 3097 a
842 3033 899 3098 deo
932 3033 966 3096 in
998 3055 1120 3097 evum«
1172 3031 1232 3097 Sed

71 3141 147 3225 quid
172 3138 285 3202 deinde
310 3143 341 3201 et
357 3137 429 3222 plus
447 3139 573 3218 accidit,
609 3138 837 3203 humanissime
852 3137 1109 3202 fraterTboma?
1140 3137 1232 3202 Certe

70 3245 180 3308 statim
212 3249 285 3326 post
317 3264 471 3308 recemum
505 3245 598 3310 illius
638 3244 817 3329 dignissimi
848 3244 1001 3329 presulis,
1033 3243 1109 3308 licet
1143 3244 1232 3327 prius

72 3349 166 3414 ardor
189 3347 290 3412 febris
312 3348 493 3414 acutissime
516 3350 651 3414 nimium
680 3350 871 3435 decoqueret
891 3349 1112 3434 corpusculum
1129 3349 1231 3412 Leon-

74 3455 175 3532 hardi,
198 3455 385 3536 supervenit
409 3453 547 3538 impetus
581 3454 704 3534 mortis,
727 3460 760 3519 et
782 3453 903 3519 fectum
919 3455 982 3518 fuit
998 3454 1141 3518 terribile
1165 3455 1230 3517 bel-

73 3561 148 3625 lum.
197 3558 387 3624 blovebatur
411 3559 632 3642 corpusculum
667 3559 704 3623 de
729 3559 830 3624 latere
867 3558 907 3622 ad
930 3559 1030 3638 latus,
1052 3580 1178 3624 sursum
1200 3563 1231 3623 et

71 3668 214 3730 deorsum
236 3664 327 3729 dolor
342 3665 639 3729 vehementissimus
680 3663 891 3748 opprimebat,
906 3683 1015 3727 sensus
1034 3664 1231 3742 deficiebant,

74 3771 200 3836 inducie
223 3771 434 3855 negabantur.
503 3769 690 3834 Intellectus
719 3775 825 3833 tamen
856 3773 888 3832 et
911 3769 996 3834 racio
1019 3769 1230 3853 imperabant,

74 3877 182 3958 legere
205 3877 387 3960 passionem
403 3875 521 3940 domiui
543 3877 642 3939 nostri
668 3873 768 3938 ihesu
785 3871 915 3952 Christi,
939 3879 971 3938 et
984 3873 1089 3940 factus
1103 3875 1137 3938 in
1153 3895 1229 3958 ago-

74 3982 134 4060 nia,
159 3983 278 4044 iterum
295 3980 406 4045 devote
429 3981 552 4058 orabat,
584 3985 619 4044 et
634 3980 698 4044 sole
714 3979 895 4043 celebrante
910 3980 1085 4043 solsticium
1101 3977 1231 4043 estivale

72 4091 102 4150 ct
124 4087 201 4150 dum
225 4082 303 4148 luna
324 4084 383 4148 snb
407 4085 567 4169 principio
603 4084 726 4168 aquarij
752 4089 863 4167 ageret
877 4105 969 4148 suum
986 4105 1124 4160 cursum,
1147 4104 1231 4148 nona

71 4191 148 4273 iunij
173 4211 259 4254 auno
281 4189 400 4256 domiui
428 4187 592 4254 ΜὋΟΟΟο
633 4190 827 4274 sexagesimo
856 4189 969 4273 quinto
1002 4189 1104 4253 noctis
1127 4189 1230 4253 medio

71 4298 221 4380 spiritum
249 4295 371 4373 emisit,
417 4298 482 4380 qui,
507 4301 543 4360 ut
565 4315 737 4379 speramns,
760 4294 858 4358 solem
880 4295 978 4376 adijt,
1009 4294 1064 4378 qui
1085 4313 1229 4359 occasum

643 4435 660 4472 *

144 4523 153 4574 l
177 4519 270 4575 Dieeer
288 4537 384 4590 passos
405 4521 606 4575 ksnnzeiehnet
624 4521 678 4574 den
698 4523 767 4574 wert
785 4519 834 4574 der
853 4537 961 4590 ganzes
980 4517 1173 4588 schildsrung.

127 4623 234 4670 asmo.
1001 4611 1018 4666 9
