3002 5070
818 438 859 502 70

270 610 346 676 teris
369 610 551 678 consulibus
576 614 650 678 dere
667 612 782 690 velitis,
807 635 869 697 quo
893 612 943 678 vir
962 611 1078 698 uliquis
1101 613 1300 697 experientia
1322 613 1413 678 soien-

268 717 380 801 cinqus
409 717 551 800 preditus
586 719 800 796 conducetur,
833 718 888 803 qui
917 717 957 782 cb
988 717 1169 785 huiusmodi
1200 717 1310 804 longis
1337 717 1415 802 legu-

268 823 412 887 sionibus
434 845 484 888 me
505 824 647 890 relevere
671 824 790 908 possit,
824 845 887 909 quo
909 822 1016 888 officio
1039 845 1109 888 meo
1133 824 1273 908 quietius
1299 844 1414 908 preesse

270 927 399 995 veleem.
460 926 617 993 Putabam
647 930 784 1008 etenim,
822 951 877 1012 per
908 928 1046 994 officium
1072 929 1157 993 istud
1194 929 1272 994 mihi
1315 927 1416 993 melius

270 1057 364 1120 quem
387 1037 481 1098 antee
513 1034 690 1116 provisum,
724 1057 831 1099 verum
856 1035 1011 1098 istomodo
1034 1033 1218 1099 clarissimis
1240 1034 1416 1100 rcoionibus

269 1162 320 1205 me
342 1137 571 1204 deterioratum
595 1137 812 1204 demonstrare
837 1139 911 1205 scio.
948 1137 1077 1222 Fungor
1100 1139 1184 1204 enim
1208 1140 1338 1205 nomine
1354 1161 1416 1222 pro·

269 1243 482 1311 tonoterietus
505 1242 572 1307 sine
591 1243 700 1308 fructu
715 1244 797 1308 sicut
824 1243 964 1329 episcopi
989 1244 1173 1310 nullatenus
1186 1246 1221 1328 (l)
1246 1244 1345 1309 titulo
1360 1243 1418 1306 sine

270 1351 455 1435 episcopatu
489 1353 521 1413 et
553 1369 650 1433 cogor
677 1349 831 1414 istomodo
864 1373 922 1434 per
943 1351 1153 1415 substitutum
1176 1350 1320 1434 suplsri,
1344 1348 1416 1432 qnod

270 1477 332 1520 non
357 1458 484 1518 tantum
507 1453 734 1537 dampnosum,
757 1477 866 1540 ymmo
889 1456 1099 1520 verecundum
1123 1456 1201 1522 mihi
1225 1462 1275 1520 est
1291 1501 1417 1520 ......

358 1559 488 1643 chtim
523 1581 560 1623 cx
585 1557 723 1624 Wiennn
756 1561 807 1625 die
841 1561 952 1626 mortis
987 1566 1060 1644 post
1089 1562 1281 1626 dominicam
1314 1559 1417 1626 Judicc

272 1688 356 1732 enno
379 1671 438 1732 etc.
465 1664 541 1731 tr.

360 1769 578 1859 V[clentinus]
604 1771 713 1856 llber]
736 1773 921 1838 licenoiutus
944 1777 1002 1838 etc.

816 2105 876 2177 31.

275 2247 467 2320 Hermann
499 2247 653 2321 Schedel
682 2271 731 2320 en
764 2247 978 2319 Hartmann
1009 2245 1174 2322 Schedel.
1227 2247 1418 2342 *ingeburg

681 2367 810 2466 [1460]
840 2370 934 2465 april
965 2370 1022 2444 21.

525 2525 587 2580 clm.
607 2525 659 2580 418
678 2525 699 2580 f.
717 2525 790 2580 2621.
829 2522 972 2580 Absohrift
991 2525 1172 2580 Hurtmenns.

274 2648 583 2714 Wiedcrholter
608 2647 1012 2732 gltlolrwunschzur
1035 2647 1417 2732 magisterwttrde.

276 2753 654 2836 llntsclruldigung
676 2752 748 2817 der
769 2753 921 2816 snrede
944 2753 1013 2816 mit
1036 2753 1091 2819 du.
1133 2752 1415 2819 Nnchriohten

579 2878 670 2922 vom
694 2859 860 2922 bruder
882 2856 1124 2924 lohannes.

361 2997 401 3062 Se
414 3001 518 3063 totum
535 2997 673 3082 plurime
689 3019 759 3062 oum
776 2997 888 3063 seluto.
923 2997 1040 3063 Patrue
1057 3000 1280 3066 amantissime.
1322 2995 1415 3064 Habui

274 3104 493 3189 superioribus
516 3105 626 3169 diebus
656 3103 781 3168 littores
805 3110 875 3168 tuns
905 3105 984 3169 milri
1008 3107 1134 3190 quidem
1159 3105 1418 3190 pergratissimss,

274 3211 306 3276 in
331 3210 446 3294 quibus
470 3215 501 3273 te
523 3214 643 3274 statum
668 3209 825 3294 finemque
857 3233 1042 3296 prosperum
1069 3211 1250 3298 magisterii
1270 3213 1280 3247 ¹
1305 3230 1415 3277 essecu-

275 3323 340 3383 tum
366 3338 432 3380 esse
455 3315 578 3392 scribis,
602 3321 633 3380 et
650 3315 795 3400 profecto
811 3317 923 3382 attulit
939 3317 996 3381 hec
1022 3339 1128 3382 recens
1145 3321 1199 3382 tue
1215 3313 1416 3402 promocionis

275 3429 306 3487 et
329 3421 459 3487 honoris
474 3419 652 3504 amplitudo
668 3426 789 3485 tentam
804 3421 910 3485 eninm
928 3444 996 3486 meo
1009 3422 1251 3503 iocunditatem,
1275 3425 1414 3508 quantum

275 3533 360 3594 certe
382 3549 459 3612 erga
482 3533 514 3590 te
537 3532 568 3590 et
590 3527 666 3590 fides
690 3532 721 3591 et
745 3526 962 3592 benivolencia
983 3550 1053 3593 mec
1076 3527 1190 3592 efferre
1226 3530 1342 3614 potuit.
1387 3523 1417 3586 Et

275 3634 335 3698 nisi
360 3631 543 3698 discrimine
566 3632 689 3696 viarum
714 3652 750 3697 oc
767 3653 881 3716 guerre
897 3630 1132 3716 multipharie²
1160 3634 1361 3698 imminentes
1375 3651 1417 3694 mr

276 3737 525 3824 prohibuissent,
541 3741 644 3801 tecum
660 3737 721 3819 lrijs
737 3737 847 3801 diebus
861 3738 1069 3820 personaliter
1087 3735 1162 3826 [me]
1181 3739 1416 3804 constituissem.

278 3847 481 3926 Quocumque
497 3862 574 3926 ergo
591 3864 671 3906 nora
687 3841 824 3925 percipis
840 3839 852 3878 ⁸
869 3843 906 3906 de
922 3848 988 3907 tem
1005 3843 1191 3909 detestande
1207 3837 1415 3910 involucionc⁴

277 3949 456 4032 principum
480 3952 512 4011 et
535 3969 595 4030 que
618 3948 886 4027 coniecturcntur‚
910 3971 960 4013 me
975 3951 1080 4033 sepius
1096 3950 1268 4015 cerciorem
1292 3972 1348 4034 per
1369 3953 1415 4012 tnc

846 4070 862 4104 *

349 4156 440 4212 lood.
459 4155 535 4210 illius
554 4155 611 4225 vgl.
632 4156 702 4212 oben
722 4173 742 4209 s.
762 4158 796 4210 64
815 4173 889 4211 enm.
910 4159 933 4210 l.
1011 4157 1103 4213 dller
1122 4157 1203 4228 lm‘eg
1221 4175 1275 4216 von
1297 4159 1362 4215 1460
1379 4155 1416 4207 br

276 4261 352 4317 genn
374 4243 474 4300 bereits
493 4262 539 4299 cm
558 4247 581 4300 5.
601 4243 674 4314 april
693 4243 746 4298 mit
774 4242 823 4299 der
841 4245 1091 4315 kriegssrlrltrung
1112 4245 1242 4316 Ludwigs
1260 4246 1289 4302 d.
1306 4243 1413 4302 Reiohor

276 4349 367 4404 gogen
396 4331 543 4388 eichstete.
607 4332 701 4388 Scod.
723 4332 855 4403 percepit.
910 4331 1141 4397 dDieffsnbnoh,
1163 4333 1270 4391 olom:
1300 4327 1415 4390 verniol-

277 4420 355 4490 lung.
393 4418 426 4472 ln
445 4418 532 4473 dieser
548 4419 736 4474 Wettenbuoh
756 4420 963 4490 (Forschungen
985 4421 1030 4486 Xl,
1049 4421 1111 4491 361)
1139 4419 1304 4492 sudltlligcn
1331 4417 1415 4476 bodess-

277 4509 350 4578 tnng
368 4506 463 4578 hnuflg
482 4506 526 4562 bei
546 4506 669 4566 schedel.
