3062 5068
819 425 882 491 178

278 595 447 672 commisit,
471 600 508 658 ut
531 593 586 657 60·
602 595 732 658 ducatos
749 595 839 658 iuxta
855 597 912 658 tua
926 593 987 658 sibi
1004 594 1125 677 scriptu
1138 593 1169 656 in
1190 591 1358 658 Bononiam
1379 613 1444 656 or·

278 699 420 764 dicerem
447 721 504 783 per
521 699 744 764 Hieronimum
764 697 880 777 Prnun,
904 698 987 782 qnod
1003 704 1036 762 et
1058 697 1131 776 feci,
1147 719 1227 782 qnos
1243 699 1273 760 in
1291 697 1444 780 hospicio

278 805 317 868 nd
333 805 455 869 leonem
477 804 620 869 Bononie
636 825 693 869 eno
711 803 840 868 nomine
855 802 1017 886 suscipies.
1063 800 1148 868 Oura
1169 803 1280 887 igitur,
1301 806 1334 867 ut
1356 808 1440 865 etu-

278 911 365 974 dium
389 915 481 974 tuum
504 911 667 993 inceptum
691 906 777 973 felici
808 907 946 991 utilique
969 907 1032 971 fine
1056 908 1212 990 perficies.
1251 906 1439 972 Licenciem

277 1017 357 1080 iuris
379 1015 533 1091 canonici,
558 1019 594 1079 ut
609 1037 647 1079 ex
664 1015 728 1077 tuis
744 1013 826 1077 senei
852 1013 990 1096 scriptis,
1017 1013 1205 1096 quantocius
1218 1017 1250 1076 te
1275 1013 1443 1095 suscipere

278 1121 421 1204 (scribis)
445 1120 549 1198 laudo,
572 1118 764 1204 inquam(‘?).
811 1118 966 1204 Vectigije
982 1119 1067 1183 enim
1082 1121 1223 1184 virorum
1240 1118 1383 1182 inherere
1404 1124 1442 1181 te

280 1227 365 1304 scio,
390 1247 525 1311 quorum
560 1225 709 1289 virtutem
742 1223 863 1288 imitari
886 1223 995 1307 cupis,
1025 1245 1119 1308 quum
1149 1229 1182 1288 et
1211 1224 1339 1286 summis
1362 1243 1442 1285 em-

277 1330 415 1416 plectere
450 1335 482 1396 te
512 1330 634 1396 viribus
667 1330 788 1396 hortor.
844 1327 881 1392 Id
916 1330 1000 1392 enim
1035 1328 1111 1404 tibi,
1146 1327 1227 1392 mihi
1249 1327 1441 1393 omnibusve

278 1436 343 1502 tuis
365 1437 475 1501 amicis
507 1435 766 1502 iocundissimum
791 1455 827 1498 uc
850 1433 910 1498 tibi
934 1433 1141 1498 honorificum
1165 1433 1440 1514 utilissimumque

280 1543 351 1608 erit.
391 1541 491 1626 Perge
514 1561 590 1626 ergo
617 1546 668 1628 et„
686 1562 749 1625 quo
779 1545 811 1604 te
833 1539 921 1604 ducit
937 1540 998 1616 viu,
1021 1538 1124 1623 dirige
1144 1559 1298 1622 gressum,
1321 1539 1354 1602 in
1369 1558 1439 1621 quo

278 1651 310 1709 te
325 1646 400 1710 deus
415 1669 473 1711 sue
488 1645 660 1712 clemencia
674 1646 812 1711 feliciter
827 1645 967 1730 dirigere
983 1645 1061 1710 velit
1075 1645 1109 1709 in
1135 1646 1305 1710 maximam
1328 1643 1373 1708 tui
1395 1665 1438 1706 nc

280 1751 493 1834 plurimorum
524 1751 681 1829 sulutem,
706 1757 822 1835 patrue
850 1772 989 1834 precare.
1039 1748 1120 1815 Vale
1149 1749 1290 1814 feliciter
1318 1754 1351 1812 et
1371 1769 1438 1828 me,

279 1861 315 1919 ut
337 1855 460 1939 cepisti,
485 1879 566 1923 anre.
617 1857 660 1921 Ex
685 1855 907 1940 Nuremberga
929 1854 1108 1941 penultima
1132 1853 1206 1936 Meij
1236 1855 1329 1918 1468.

819 2207 880 2284 80.

280 2356 472 2431 Hermann
503 2357 662 2430 Schedel
691 2380 739 2430 an
758 2359 965 2455 [Johannes
993 2357 1177 2454 Schedcl.]
1232 2357 1434 2452 Nurnberg

705 2480 802 2552 1468
826 2481 898 2574 juli
927 2481 974 2554 25
992 2479 1015 2554 ¹.

640 2655 704 2708 clm.
724 2654 773 2709 ⁴41
795 2653 904 2708 f.218b.
942 2653 1074 2725 Ooncept.

343 2777 499 2844 Bittet
522 2779 616 2859 ibn,
639 2781 715 2846 der
738 2784 837 2864 pest
861 2802 998 2867 wegen
1023 2779 1376 2846 hcimuukehren.

369 2919 512 2986 Salutem
534 2921 706 3004 plurimam
722 2924 823 3004 optet.
869 2919 989 2986 Pntrue
1003 2921 1176 2987 carissime.
1227 2921 1338 2986 Allute
1361 2925 1435 2985 eunt

279 3024 373 3089 litere
398 3030 452 3089 tue
473 3026 576 3110 pridie
599 3031 715 3109 patruo
739 3030 849 3092 nostro
877 3027 984 3092 Murco
1008 3031 1040 3092 et
1064 3047 1217 3112 germano
1241 3030 1296 3092 tuo
1318 3026 1433 3091 Gccrio

280 3151 318 3193 ex
334 3129 482 3214 Venecijs
505 3151 564 3215 per
587 3131 737 3196 nuncium
761 3133 934 3216 quendum,
959 3133 994 3197 in
1017 3134 1134 3216 quibus
1163 3137 1300 3216 protunc
1322 3154 1342 3195 a
1364 3132 1435 3196 datu

280 3234 449 3300 literarum
473 3236 610 3301 florenos
634 3239 692 3302 tibi
718 3239 828 3302 mieeoe
850 3239 941 3303 iuxta
963 3239 1073 3322 priore
1089 3242 1145 3302 tun
1162 3237 1284 3320 scriptu
1306 3257 1364 3321 per
1386 3257 1434 3301 eo·

282 3339 429 3405 cietetem
453 3342 595 3423 ipsorum
611 3340 751 3407 Prawn¹
778 3342 920 3408 Bononio
952 3342 1118 3408 solvendos
1141 3341 1284 3406 nondum
1309 3347 1342 3407 te
1363 3363 1434 3425 per-

280 3447 401 3528 cepisse
423 3444 576 3510 intellexi.
622 3445 722 3531 Spero
745 3453 872 3526 temen,
904 3471 955 3514 eos
990 3450 1075 3532 ipsos
1096 3468 1181 3512 nunc
1207 3453 1239 3512 te
1261 3448 1433 3530 suscepisse

282 3555 314 3614 et
338 3551 412 3634 quin
438 3549 491 3614 hic
507 3550 593 3614 teme
605 3553 799 3634 percrebuit,
821 3557 942 3636 pestem
958 3553 1050 3617 valde
1065 3573 1151 3618 nunc
1164 3553 1265 3618 sevire
1284 3551 1432 3629 Bononie,

282 3655 391 3737 plncet
413 3655 560 3718 omnibus
583 3656 644 3718 tibi
667 3657 823 3742 sanguine
846 3657 1031 3736 coniunctis,
1054 3659 1091 3720 ut
1112 3659 1302 3741 quantocius
1330 3663 1362 3720 te
1383 3679 1432 3722 ex-

281 3759 415 3842 pedies⁸
440 3779 476 3823 ec
500 3759 635 3843 putrium
659 3762 784 3826 taudem
804 3769 903 3846 petus,
928 3783 997 3829 cum
1022 3761 1194 3826 remedium
1211 3761 1371 3826 efficacius
1387 3783 1431 3825 se-

281 3864 443 3929 lubriueve
465 3865 589 3930 nullum
612 3889 762 3951 umquem
786 3867 858 3932 novi
885 3905 929 3916 -
953 3872 1034 3933 teste
1074 3868 1188 3932 nedum
1213 3867 1376 3932 Avicennu
1400 3889 1432 3930 ac

850 3989 868 4026 ᾐ

282 4074 392 4131 conrad
411 4074 521 4138 Setun,
543 4073 654 4129 deruis
679 4073 703 4126 N
708 4076 862 4147 drnberger
889 4075 976 4145 juriet
994 4075 1121 4130 beknnnt
1138 4075 1193 4138 int,
1219 4093 1241 4131 e.
1260 4075 1430 4138 Siebcnkees,

283 4162 459 4218 Meterintien
474 4161 507 4225 11,
527 4163 607 4224 661⁶:
629 4162 785 4218 Herrmenn
805 4167 823 4220 i.
839 4164 864 4220 d.
883 4164 1035 4219 Germanic
1048 4161 1158 4224 XXXV,
1177 4164 1211 4218 52
1223 4161 1251 4219 ff.
1272 4164 1330 4216 und
1350 4167 1430 4217 unten

283 4267 324 4304 nr.
344 4251 378 4303 84
399 4250 454 4303 und
475 4251 517 4303 97.
555 4250 591 4303 Er
610 4250 690 4305 eterb
702 4251 744 4306 13.
759 4252 816 4321 juli
831 4253 897 4306 1479
926 4256 956 4319 [c.
969 4253 1143 4305 Hartmnnne
1156 4249 1384 4321 heunknlendert.

352 4335 504 4391 tAdrcuee
521 4335 672 4391 wiederum
695 4339 767 4393 nect
790 4339 963 4393 Hertmnnne
982 4337 1139 4392 nufuchritt.
1193 4337 1210 4390 2
1231 4337 1265 4390 Eu
1284 4337 1347 4390 sind
1368 4339 1430 4392 cnei

281 4419 391 4486 briter,
410 4422 464 4476 wie
482 4441 523 4476 nr.
543 4423 576 4476 87
596 4421 679 4493 neigt.
751 4424 1016 4479 8Dnrctrutricben.
1054 4422 1263 4492 Verbeneerung
1282 4441 1329 4478 em
1352 4425 1433 4480 rende

282 4508 368 4563 durch
388 4509 575 4565 ebuchneiden
597 4511 772 4567 unleeerlich.
