3062 5068
803 429 864 494 180

256 603 318 667 nisi
330 602 371 667 ab
386 601 541 668 altissimo
553 604 664 669 datum
683 625 749 668 esse
773 625 854 683 reor,
873 605 928 688 qui
944 603 1027 669 libra
1040 605 1164 670 iusticie
1175 605 1281 670 omnia
1292 625 1431 688 regens

256 730 312 774 sua
323 708 479 794 singulari
489 709 598 793 gracia
605 709 640 773 in
653 730 686 774 se
697 714 862 793 sperantes
878 731 1053 794 numquam
1068 709 1247 795 dereliquit,
1259 709 1432 775 Cicerone

257 814 355 878 eciam
378 818 489 880 nostro
514 814 700 899 inquiente:
737 813 862 880 »Fortis
878 815 961 880 enim
985 815 1084 881 animi
1106 821 1200 880 estet
1220 815 1430 890 comtantis,

256 941 319 984 non
343 921 525 1004 perturbari
546 921 641 986 rebus
656 921 788 1006 asperis,
810 926 860 986 set
874 943 983 987 omnes
998 943 1089 987 easns
1108 921 1271 1006 pacienter
1291 921 1423 986 ferra«

255 1023 392 1104 Credite,
415 1027 573 1092 neminem
596 1023 671 1112 [me]
687 1047 840 1111 umquam
856 1027 989 1104 audisse,
1012 1027 1068 1111 qui
1084 1047 1155 1090 oum
1171 1031 1257 1091 reete
1271 1031 1426 1110 saperet,

256 1130 473 1218 declinasse[t]
506 1131 654 1198 alarore
677 1137 709 1198 et
731 1133 866 1197 varimte
891 1133 1159 1217 Augustamium,
1193 1131 1270 1218 quin
1291 1131 1425 1214 stipsi

255 1236 376 1302 nullam
393 1237 521 1321 penitus
536 1237 629 1301 fidem
648 1237 681 1300 in
698 1235 770 1319 hijs,
787 1259 849 1322 que
865 1237 943 1321 ipsis
959 1236 1151 1316 obiciuntur,
1181 1237 1390 1302 adhiberent!
1409 1237 1422 1270 ¹

256 1339 431 1407 Concordia
454 1363 547 1427 ergo,
583 1363 646 1426 qna
667 1365 764 1427 parve
787 1363 837 1407 res
860 1347 1023 1421 crescunt,
1045 1363 1101 1407 vos
1125 1342 1264 1422 firmate,
1286 1342 1421 1420 hortor,

255 1447 414 1512 constanti
430 1447 571 1532 fortique
593 1448 700 1514 animo
724 1469 778 1515 ros
803 1447 913 1514 fulcite
927 1469 993 1514 oro.
1042 1447 1187 1513 Cernetis
1210 1448 1347 1527 taodmn,
1369 1471 1419 1513 ex

257 1552 319 1635 hijs
342 1552 553 1636 triumphum,
576 1552 713 1638 gloriam
732 1558 764 1618 et
789 1553 939 1620 honorem
962 1574 1017 1618 vos
1042 1557 1304 1638 reportaturum,
1327 1554 1420 1637 quod

257 1663 293 1723 ut
318 1659 384 1736 liat,
409 1659 517 1723 divina
540 1659 650 1744 gracia
671 1665 871 1744 cooperante,
895 1658 1011 1723 obnixe
1031 1679 1098 1726 oro.

344 1761 507 1829 Valerium
540 1763 713 1830 Maximum
743 1765 833 1831 vobis
870 1765 1093 1849 pignoratum,
1120 1766 1147 1828 si
1182 1786 1242 1850 pro
1279 1765 1420 1850 pecunia

257 1869 363 1934 eadem
386 1869 424 1933 ad
447 1890 560 1934 manns
590 1891 674 1933 meas
702 1867 904 1956 tra[n]sferrs
938 1869 1090 1953 possetis,
1126 1870 1174 1933 nti
1208 1890 1282 1933 cum
1303 1889 1414 1934 eoram

258 1995 356 2039 essem
379 1974 536 2059 petebam,
563 1995 629 2038 rem
652 1976 870 2059 gratissimam
901 1975 1094 2040 exhiberetis
1110 1971 1123 2010 '
1138 2025 1146 2040 .
1161 2024 1167 2038 .
1182 2023 1216 2038 ..
1250 1971 1325 2059 [der
1348 1979 1420 2038 rest

257 2079 532 2166 ahgeschnitten}

810 2451 871 2522 82.

259 2608 399 2705 Caspar
426 2607 548 2682 Haser
575 2631 623 2680 an
650 2607 863 2679 Hartmann
887 2603 1053 2680 Schedel.
1120 2603 1288 2698 Venedig
1316 2603 1413 2677 1469
1517 2711 1518 2714 Ἴ

748 2731 819 2823 juli
854 2729 915 2803 29.
1517 2733 1518 2748 ¹

455 2885 517 2941 olm.
536 2886 586 2940 224
607 2884 628 2938 f.
648 2885 709 2940 292.
748 2883 891 2939 Ahschrift
909 2883 1071 2938 Hartmann
1091 2879 1229 2939 &hadala

261 3012 448 3078 Bericht
482 3013 580 3077 liber
622 3012 699 3076 den
740 3009 908 3074 irrsinn
941 3007 1162 3074 lohannes
1193 3006 1416 3074 Schedels.

345 3153 486 3219 Salutem
522 3153 693 3237 plurimam
724 3154 863 3234 exoptat.
914 3147 1103 3213 Clarissima
1136 3147 1263 3213 domine
1295 3147 1415 3212 doctor.

258 3259 381 3325 Literas
417 3257 515 3324 unas⁸
551 3255 767 3341 superioribus
804 3255 914 3319 diebus
953 3251 1122 3318 tabellario
1160 3253 1300 3336 presenti
1336 3251 1413 3316 mihi

259 3369 370 3430 missae
392 3365 533 3450 gaudens
555 3363 662 3446 accepi
686 3361 863 3443 seriemque
879 3379 987 3423 earnm
1007 3359 1160 3424 intellexi.
1206 3356 1338 3424 Calamo
1360 3359 1412 3422 ds·

258 3471 391 3554 pingere
414 3469 513 3532 vitam
545 3471 711 3551 statusque
733 3465 944 3551 qualitatem,
976 3471 1073 3548 prout
1109 3464 1240 3548 petitis,
1269 3466 1411 3548 germani

258 3576 366 3652 vestri,
390 3574 510 3639 domini
531 3572 699 3651 dohannis,
722 3572 876 3657 quibusve
900 3571 1018 3635 morbis
1043 3569 1256 3648 laboraverit,
1281 3571 1409 3657 longum

259 3684 340 3743 esset
373 3699 541 3755 enarrare,
572 3699 669 3762 quare
704 3677 887 3741 brevissime
922 3681 1148 3740 transcurram.
1193 3671 1305 3740 Vitam
1331 3675 1411 3740 enim

260 3785 327 3848 eius
350 3803 474 3866 semper
497 3784 569 3848 nori
584 3783 846 3860 honestissimam,
874 3803 946 3847 cum
966 3801 1094 3846 consors
1110 3780 1190 3845 mihi
1206 3779 1315 3845 Psdue
1339 3785 1411 3845 erat.
1514 3803 1515 3812 ¹

260 3889 307 3953 Ex
329 3889 493 3972 preteritis
516 3889 710 3972 presumitur
732 3890 817 3952 circa
839 3887 958 3952 futura.
1006 3885 1086 3951 Cum
1108 3887 1192 3952 enim
1213 3891 1288 3969 post
1310 3889 1410 3950 moni·

259 3993 342 4058 toria
366 3993 508 4077 plurima
533 4016 588 4078 per
611 4015 684 4060 suos
706 3992 949 4058 contubernales
968 3993 1054 4057 facta
1070 4013 1120 4055 nre
1135 3992 1176 4056 oh
1191 3991 1259 4056 eins
1275 4013 1411 4058 amorem

259 4097 438 4163 Ferrariam
469 4098 674 4178 contulerim,
712 4099 814 4182 reperi
845 4119 915 4162 eum
952 4097 983 4160 in
1016 4101 1103 4160 statu
1126 4097 1411 4180 perficiendiornm,
1513 4161 1514 4172 ,

259 4205 335 4286 quia
357 4205 540 4270 monachari
565 4203 833 4281 voluirFerrarie,
857 4203 917 4267 nisi
935 4202 1192 4286 persuasionibus
1208 4202 1287 4267 meis
1311 4204 1409 4288 ipsum

826 4324 843 4358 ἤ

331 4423 341 4472 l
365 4419 428 4488 Vgl.
448 4419 493 4474 die
511 4425 666 4490 tussernng
685 4420 802 4474 Moriens
822 4418 863 4473 St.
880 4419 943 4474 Chr.
959 4419 1044 4482 llllll,
1064 4419 1115 4473 220
1135 4437 1157 4474 a.
1180 4421 1291 4474 llnl‘l.
1357 4421 1409 4478 28.

258 4525 282 4566 ο.
302 4526 342 4564 nr.
363 4509 405 4564 77.
477 4509 493 4562 3
517 4508 714 4567 Versohriehen
732 4509 777 4562 thr
798 4509 929 4564 vestras?
