2990 5068
622 424 684 490 163

75 597 162 682 Aput
185 621 238 664 me
263 597 401 664 multum
425 600 553 684 quidem
582 599 758 685 optabilius
782 604 829 664 est
851 599 952 665 solum
975 599 1109 680 salvari,
1133 623 1227 686 quam

74 706 176 790 perire
209 725 282 769 cum
313 702 432 770 multis.
498 703 631 770 Constm
659 709 785 783 autem,
818 725 980 790 uunquam
1017 705 1131 770 melius
1161 727 1228 772 esso

73 812 176 876 anime
205 831 303 896 quem
339 810 413 875 dum
448 811 565 876 amotis
600 808 771 876 obstaculis
802 809 932 894 viteque
958 810 1162 895 compedibus
1193 811 1225 876 in

75 919 162 982 deum
185 919 288 1000 atque
311 915 344 979 in
367 936 402 979 se
429 914 531 981 libera
548 921 582 981 et
596 915 744 1000 expedita
772 916 980 994 convertitur,
1002 916 1163 981 enimvero
1185 917 1228 991 id,

76 1023 146 1086 dum
169 1042 282 1086 sumus
305 1020 339 1084 in
362 1021 470 1102 terris,
496 1043 652 1106 nusquam
676 1020 789 1086 melius
805 1041 899 1107 quem
922 1021 955 1084 in
971 1019 1144 1086 solitudine
1159 1021 1228 1086 fieri

74 1149 170 1212 posse.
217 1123 306 1190 Illud
329 1146 457 1211 quoque
477 1124 679 1191 Platonicum
695 1125 736 1190 ob
753 1124 935 1211 Augustino
949 1125 1087 1190 relatum
1103 1131 1135 1191 et
1157 1124 1227 1190 lcu-

76 1233 180 1298 dstnm
206 1231 372 1297 notissime
394 1252 505 1296 verum
528 1235 586 1296 est.
621 1229 713 1296 ’Non
736 1231 896 1315 corporeis
918 1231 1049 1311 oculis«,
1072 1236 1110 1296 ut
1131 1232 1229 1297 verba

76 1340 140 1422 ipss
162 1337 264 1402 eciam
288 1357 415 1421 ponam,
443 1336 514 1401 »sed
533 1359 615 1421 pura
630 1341 736 1402 mente
759 1337 925 1402 veritatem
949 1337 1060 1417 videri,
1082 1337 1133 1402 cui
1156 1359 1228 1402 oum

76 1445 177 1510 anima
201 1442 370 1520 inheserit,
393 1443 519 1506 beatam
549 1442 620 1508 fieri
647 1448 745 1528 utque
766 1442 952 1528 perlectam,
974 1443 1013 1508 ad
1036 1464 1131 1527 quam
1154 1463 1228 1528 per·

77 1657 181 1737 ditam,
205 1677 271 1740 que
294 1654 456 1720 sentencia
478 1674 497 1718 a
518 1651 671 1738 Virgilio,
694 1675 788 1739 quem
804 1657 841 1718 tn
855 1653 979 1738 spernis
994 1658 1031 1719 ut
1046 1653 1229 1738 vespertilio

77 1761 225 1845 aquilam,
249 1779 358 1845 symes
381 1758 516 1837 leonem,
543 1758 782 1843 elegantissime
796 1758 855 1823 sub
877 1757 1050 1843 allegorica
1073 1759 1156 1825 nahe
1179 1775 1229 1824 re·

77 1867 244 1946 conditur,
276 1885 371 1949 quern
403 1863 507 1928 locum
544 1868 709 1948 pretereo,
738 1886 777 1929 ne
806 1865 999 1930 cerebellum
1028 1870 1121 1930 tuum
1146 1864 1230 1930 mole

77 1993 178 2036 rernm
202 1970 385 2056 opprimam
400 1968 421 2034 ¹.

160 2076 203 2141 Et
227 2097 268 2140 ne
291 2073 414 2140 diucius
428 2073 560 2138 auribus
584 2073 648 2138 tuis
664 2079 873 2157 perstrepam,
897 2074 961 2140 iam
974 2075 1070 2142 finem
1094 2075 1230 2159 epistule

79 2183 252 2266 imponam,
274 2181 308 2246 in
333 2201 397 2264 qua
411 2178 448 2263 [t
465 2178 542 2264 282]
566 2179 670 2264 siquid
693 2179 887 2264 superfluum
911 2179 1037 2265 legeris,
1059 2180 1092 2246 id
1114 2180 1230 2245 eximia

79 2288 164 2373 quasi
192 2288 313 2353 amoris
336 2285 559 2350 habundancia
587 2286 707 2351 dictum
729 2291 818 2370 putu
865 2283 939 2350 Non
954 2307 1043 2351 seem
1065 2286 1148 2351 enim
1172 2285 1230 2350 bec

78 2395 113 2458 cd
135 2401 167 2458 te
200 2391 349 2467 exaravi,
382 2411 478 2475 quam
511 2391 537 2456 ai
568 2397 672 2457 tecum
706 2413 812 2457 coram
840 2411 1016 2456 sermonem
1039 2389 1229 2456 habuissem.

79 2497 186 2586 ltsque
216 2499 280 2564 hoc
308 2497 365 2562 abs
391 2502 424 2562 te
458 2501 623 2562 exoratum
646 2497 759 2577 velim,
802 2498 851 2561 vir
873 2495 1114 2574 humanissime,
1142 2500 1179 2559 ut
1201 2495 1229 2560 si

78 2605 226 2691 quicquid
250 2603 384 2668 tortasse
405 2600 547 2681 liberius,
579 2624 674 2688 quam
705 2602 845 2680 debeam,
869 2602 984 2667 dixisse
1006 2601 1067 2666 tibi
1090 2600 1229 2680 videbor,

79 2731 133 2792 pro
154 2708 357 2775 humanitate
387 2713 483 2792 atquc
505 2707 677 2772 clemencia
702 2711 759 2772 tua
780 2706 860 2772 mihi
884 2707 1030 2791 ignosces
1062 2709 1159 2791 atque
1181 2705 1229 2770 id·

78 2815 189 2898 ipsum,
211 2818 251 2879 ut
275 2834 333 2897 per
356 2816 414 2890 est,
441 2813 554 2878 bonam
578 2813 611 2877 in
635 2817 758 2898 partem
788 2813 924 2898 accipias
946 2833 1012 2877 oro.
1058 2810 1229 2894 Reliquum

80 2942 147 2986 vero
168 2922 214 2986 ait
229 2918 255 2998 ¹,
277 2924 314 2984 ut
329 2918 511 3002 quicuucta
535 2919 716 2984 moderetur
740 2925 772 2982 et
795 2918 891 3002 regit,
916 2920 1028 2983 devote
1042 2921 1139 3002 atque
1153 2937 1229 3001 snp-

80 3025 200 3108 pliciter
227 3044 347 3109 rogem,
370 3029 403 3088 et
418 3023 579 3108 deprecor,
602 3030 640 3089 nt
662 3026 743 3090 votis
770 3025 835 3090 tuis
857 3024 965 3089 favere
987 3046 1034 3102 ac,
1058 3022 1229 3108 quodcum·

80 3153 135 3214 qne
155 3139 287 3198 acturus
309 3131 362 3208 sis,
385 3129 418 3193 id
442 3130 501 3195 tibi
525 3151 562 3194 ex
585 3131 747 3196 sentencia
768 3130 940 3195 secundare
954 3129 1115 3212 dignetur.
1151 3125 1230 3191 Vale

81 3235 211 3304 feliciter
229 3257 349 3321 meque,
373 3235 456 3320 quod
473 3235 561 3315 facis,
582 3257 663 3316 ama,
694 3241 791 3302 rev'¹²⁰.
815 3235 900 3321 patri
917 3237 949 3300 ct
971 3233 1100 3299 domino
1115 3232 1144 3296 d.
1161 3253 1229 3296 car·

82 3342 174 3407 dinali
196 3348 259 3408 etc.
296 3361 347 3406 me
380 3341 669 3406 recommendatum
708 3342 806 3408 facito
838 3338 1017 3406 humillime
1047 3359 1137 3424 rogo.
1184 3337 1230 3402 llx

83 3449 225 3532 hugueta
260 3450 293 3512 in
329 3447 469 3510 crastino
499 3447 728 3531 assumpcionis
759 3447 894 3532 virginis
926 3445 1117 3511 intemerate
1147 3463 1230 3508 auno

82 3553 194 3620 domini
221 3552 317 3618 1466.

642 3677 659 3716 ss

147 3784 159 3838 1
178 3781 235 3837 Der
254 3796 342 3851 ganas
360 3777 504 3834 abschnitt
529 3777 568 3831 ist
586 3779 780 3848 grdsstenteils
806 3777 934 3834 wortlich
958 3777 1094 3848 {entlehnt
1112 3793 1162 3831 eus
1182 3775 1230 3829 Pe·

83 3873 182 3928 trarcu
203 3875 229 3926 4.
249 3865 393 3924 invektivc
404 3865 434 3920 in
446 3881 590 3936 procacem
611 3865 748 3922 medicum
769 3865 849 3938 [Opp.
864 3864 1020 3936 1225-271.
1074 3862 1172 3920 tend.
1184 3863 1230 3916 sic.
