<?xml version="1.0" encoding="UTF-8"?>
<!DOCTYPE html PUBLIC "-//W3C//DTD XHTML 1.0 Transitional//EN"
    "http://www.w3.org/TR/xhtml1/DTD/xhtml1-transitional.dtd">
<html xmlns="http://www.w3.org/1999/xhtml" xml:lang="en" lang="en">
 <head>
  <title>
</title>
<meta http-equiv="Content-Type" content="text/html;charset=utf-8" />
  <meta name='ocr-system' content='tesseract 3.04.00' />
  <meta name='ocr-capabilities' content='ocr_page ocr_carea ocr_par ocr_line ocrx_word'/>
</head>
<body>
  <div class='ocr_page' id='page_1' title='image "./hermannschedels00schegoog_0083.png"; bbox 0 0 3002 5070; ppageno 0'>
   <div class='ocr_carea' id='block_1_1' title="bbox 651 419 692 484">
    <p class='ocr_par' dir='ltr' id='par_1_1' title="bbox 651 419 692 484">
     <span class='ocr_line' id='line_1_1' title="bbox 651 419 692 484; baseline 0.049 -2"><span class='ocrx_word' id='word_1_1' title='bbox 651 419 692 484; x_wconf 83' lang='grc'><strong>67</strong></span> 
     </span>
    </p>
   </div>
   <div class='ocr_carea' id='block_1_2' title="bbox 95 594 1253 2362">
    <p class='ocr_par' dir='ltr' id='par_1_2' title="bbox 95 594 1253 2362">
     <span class='ocr_line' id='line_1_2' title="bbox 97 594 1246 680; baseline 0.004 -24"><span class='ocrx_word' id='word_1_2' title='bbox 97 597 215 676; x_wconf 83' lang='lat' dir='ltr'><strong>qnnntc</strong></span> <span class='ocrx_word' id='word_1_3' title='bbox 237 615 288 658; x_wconf 86' lang='lat' dir='ltr'><strong>eas</strong></span> <span class='ocrx_word' id='word_1_4' title='bbox 311 594 475 659; x_wconf 75' lang='lat' dir='ltr'><strong>sinceriori</strong></span> <span class='ocrx_word' id='word_1_5' title='bbox 499 594 686 678; x_wconf 89' lang='lat' dir='ltr'><strong>puriorique</strong></span> <span class='ocrx_word' id='word_1_6' title='bbox 701 615 778 680; x_wconf 82' lang='lat' dir='ltr'><strong>erge</strong></span> <span class='ocrx_word' id='word_1_7' title='bbox 801 615 851 658; x_wconf 88' lang='lat' dir='ltr'><strong>me</strong></span> <span class='ocrx_word' id='word_1_8' title='bbox 871 601 976 660; x_wconf 88' lang='lat' dir='ltr'><strong>mente</strong></span> <span class='ocrx_word' id='word_1_9' title='bbox 999 617 1159 661; x_wconf 76' lang='lat' dir='ltr'><strong>emanasse</strong></span> <span class='ocrx_word' id='word_1_10' title='bbox 1182 599 1246 661; x_wconf 89' lang='lat' dir='ltr'><strong>scio</strong></span> 
     </span>
     <span class='ocr_line' id='line_1_3' title="bbox 97 699 1250 786; baseline 0.001 -23"><span class='ocrx_word' id='word_1_11' title='bbox 97 701 128 762; x_wconf 89' lang='lat' dir='ltr'><strong>et</strong></span> <span class='ocrx_word' id='word_1_12' title='bbox 150 704 256 764; x_wconf 86' lang='lat' dir='ltr'><strong>certus</strong></span> <span class='ocrx_word' id='word_1_13' title='bbox 278 721 359 765; x_wconf 85' lang='lat' dir='ltr'><strong>snm.</strong></span> <span class='ocrx_word' id='word_1_14' title='bbox 405 699 442 764; x_wconf 93' lang='lat' dir='ltr'><strong>In</strong></span> <span class='ocrx_word' id='word_1_15' title='bbox 478 700 537 766; x_wconf 89' lang='lat' dir='ltr'><strong>boc</strong></span> <span class='ocrx_word' id='word_1_16' title='bbox 568 705 686 780; x_wconf 86' lang='lat' dir='ltr'><strong>antem,</strong></span> <span class='ocrx_word' id='word_1_17' title='bbox 719 701 802 786; x_wconf 88' lang='lat' dir='ltr'><strong>qnod</strong></span> <span class='ocrx_word' id='word_1_18' title='bbox 828 699 961 766; x_wconf 86' lang='lat' dir='ltr'><strong>Veneris</strong></span> <span class='ocrx_word' id='word_1_19' title='bbox 994 701 1141 786; x_wconf 89' lang='lat' dir='ltr'><strong>cupidine</strong></span> <span class='ocrx_word' id='word_1_20' title='bbox 1164 703 1250 766; x_wconf 86' lang='lat' dir='ltr'><strong>canis</strong></span> 
     </span>
     <span class='ocr_line' id='line_1_4' title="bbox 97 804 1251 884; baseline 0.005 -19"><span class='ocrx_word' id='word_1_21' title='bbox 97 804 155 866; x_wconf 89' lang='lat' dir='ltr'><strong>iam</strong></span> <span class='ocrx_word' id='word_1_22' title='bbox 186 805 365 869; x_wconf 73' lang='lat' dir='ltr'><strong>nitentibus</strong></span> <span class='ocrx_word' id='word_1_23' title='bbox 397 804 497 870; x_wconf 86' lang='lat' dir='ltr'><strong>losum</strong></span> <span class='ocrx_word' id='word_1_24' title='bbox 530 827 580 870; x_wconf 90' lang='lat' dir='ltr'><strong>me</strong></span> <span class='ocrx_word' id='word_1_25' title='bbox 610 825 677 870; x_wconf 88' lang='lat' dir='ltr'><strong>esse</strong></span> <span class='ocrx_word' id='word_1_26' title='bbox 707 807 839 884; x_wconf 88' lang='lat' dir='ltr'><strong>asseris,</strong></span> <span class='ocrx_word' id='word_1_27' title='bbox 875 828 995 871; x_wconf 90' lang='lat' dir='ltr'><strong>morem</strong></span> <span class='ocrx_word' id='word_1_28' title='bbox 1033 805 1093 871; x_wconf 92' lang='lat' dir='ltr'><strong>tibi</strong></span> <span class='ocrx_word' id='word_1_29' title='bbox 1127 808 1160 870; x_wconf 87' lang='lat' dir='ltr'><strong>in</strong></span> <span class='ocrx_word' id='word_1_30' title='bbox 1193 807 1251 871; x_wconf 90' lang='lat' dir='ltr'><strong>boc</strong></span> 
     </span>
     <span class='ocr_line' id='line_1_5' title="bbox 96 910 1251 995; baseline 0.004 -24"><span class='ocrx_word' id='word_1_31' title='bbox 96 929 246 990; x_wconf 81' lang='lat' dir='ltr'><strong>gererem,</strong></span> <span class='ocrx_word' id='word_1_32' title='bbox 269 910 296 974; x_wconf 87' lang='lat' dir='ltr'><strong>si</strong></span> <span class='ocrx_word' id='word_1_33' title='bbox 312 910 387 993; x_wconf 87' lang='lat' dir='ltr'><strong>igne</strong></span> <span class='ocrx_word' id='word_1_34' title='bbox 403 910 531 988; x_wconf 88' lang='lat' dir='ltr'><strong>amoris,</strong></span> <span class='ocrx_word' id='word_1_35' title='bbox 555 932 619 995; x_wconf 88' lang='lat' dir='ltr'><strong>quo</strong></span> <span class='ocrx_word' id='word_1_36' title='bbox 635 911 666 974; x_wconf 90' lang='lat' dir='ltr'><strong>in</strong></span> <span class='ocrx_word' id='word_1_37' title='bbox 694 911 759 974; x_wconf 89' lang='lat' dir='ltr'><strong>dies</strong></span> <span class='ocrx_word' id='word_1_38' title='bbox 787 933 875 990; x_wconf 89' lang='lat' dir='ltr'><strong>uror,</strong></span> <span class='ocrx_word' id='word_1_39' title='bbox 901 933 964 976; x_wconf 90' lang='lat' dir='ltr'><strong>non</strong></span> <span class='ocrx_word' id='word_1_40' title='bbox 990 910 1135 976; x_wconf 84' lang='lat' dir='ltr'><strong>celerem.</strong></span> <span class='ocrx_word' id='word_1_41' title='bbox 1183 911 1251 976; x_wconf 90' lang='lat' dir='ltr'><strong>Nec</strong></span> 
     </span>
     <span class='ocr_line' id='line_1_6' title="bbox 96 1014 1249 1102; baseline 0.003 -26"><span class='ocrx_word' id='word_1_42' title='bbox 96 1015 219 1078; x_wconf 79' lang='lat' dir='ltr'><strong>obiectu</strong></span> <span class='ocrx_word' id='word_1_43' title='bbox 243 1021 308 1078; x_wconf 89' lang='lat' dir='ltr'><strong>tam</strong></span> <span class='ocrx_word' id='word_1_44' title='bbox 331 1014 549 1098; x_wconf 83' lang='lat' dir='ltr'><strong>placidissima</strong></span> <span class='ocrx_word' id='word_1_45' title='bbox 570 1038 722 1102; x_wconf 88' lang='lat' dir='ltr'><strong>nmquam</strong></span> <span class='ocrx_word' id='word_1_46' title='bbox 746 1016 825 1080; x_wconf 90' lang='lat' dir='ltr'><strong>mihi</strong></span> <span class='ocrx_word' id='word_1_47' title='bbox 851 1017 992 1101; x_wconf 86' lang='lat' dir='ltr'><strong>requiem</strong></span> <span class='ocrx_word' id='word_1_48' title='bbox 1016 1017 1161 1100; x_wconf 77' lang='lat' dir='ltr'><strong>prebent,</strong></span> <span class='ocrx_word' id='word_1_49' title='bbox 1184 1018 1249 1080; x_wconf 87' lang='lat' dir='ltr'><strong>vir·</strong></span> 
     </span>
     <span class='ocr_line' id='line_1_7' title="bbox 95 1121 1249 1206; baseline 0.003 -24"><span class='ocrx_word' id='word_1_50' title='bbox 95 1123 192 1183; x_wconf 84' lang='lat' dir='ltr'><strong>tutem</strong></span> <span class='ocrx_word' id='word_1_51' title='bbox 217 1121 320 1203; x_wconf 86' lang='lat' dir='ltr'><strong>ipsam</strong></span> <span class='ocrx_word' id='word_1_52' title='bbox 343 1121 628 1205; x_wconf 76' lang='lat' dir='ltr'><strong>concupiscibilem</strong></span> <span class='ocrx_word' id='word_1_53' title='bbox 655 1157 694 1169; x_wconf 89' lang='lat'><em>-</em></span> <span class='ocrx_word' id='word_1_54' title='bbox 720 1143 814 1206; x_wconf 91' lang='lat' dir='ltr'><strong>quam</strong></span> <span class='ocrx_word' id='word_1_55' title='bbox 843 1122 1032 1206; x_wconf 82' lang='lat' dir='ltr'><strong>quandoque</strong></span> <span class='ocrx_word' id='word_1_56' title='bbox 1056 1121 1161 1204; x_wconf 82' lang='lat' dir='ltr'><strong>sopire</strong></span> <span class='ocrx_word' id='word_1_57' title='bbox 1184 1121 1249 1186; x_wconf 86' lang='lat' dir='ltr'><strong>vel·</strong></span> 
     </span>
     <span class='ocr_line' id='line_1_8' title="bbox 97 1223 1247 1310; baseline 0.003 -24"><span class='ocrx_word' id='word_1_58' title='bbox 97 1223 154 1288; x_wconf 90' lang='lat' dir='ltr'><strong>lem</strong></span> <span class='ocrx_word' id='word_1_59' title='bbox 174 1223 398 1307; x_wconf 89' lang='lat' dir='ltr'><strong>-quiescere</strong></span> <span class='ocrx_word' id='word_1_60' title='bbox 420 1247 483 1292; x_wconf 91' lang='lat' dir='ltr'><strong>non</strong></span> <span class='ocrx_word' id='word_1_61' title='bbox 506 1227 626 1306; x_wconf 90' lang='lat' dir='ltr'><strong>sinunt,</strong></span> <span class='ocrx_word' id='word_1_62' title='bbox 650 1227 703 1292; x_wconf 88' lang='lat' dir='ltr'><strong>sed</strong></span> <span class='ocrx_word' id='word_1_63' title='bbox 728 1227 895 1310; x_wconf 90' lang='lat' dir='ltr'><strong>blandicijs</strong></span> <span class='ocrx_word' id='word_1_64' title='bbox 924 1228 990 1290; x_wconf 89' lang='lat' dir='ltr'><strong>suis</strong></span> <span class='ocrx_word' id='word_1_65' title='bbox 1013 1231 1045 1290; x_wconf 90' lang='lat' dir='ltr'><strong>et</strong></span> <span class='ocrx_word' id='word_1_66' title='bbox 1068 1225 1247 1291; x_wconf 86' lang='lat' dir='ltr'><strong>conversio·</strong></span> 
     </span>
     <span class='ocr_line' id='line_1_9' title="bbox 96 1329 1251 1416; baseline 0.001 -23"><span class='ocrx_word' id='word_1_67' title='bbox 96 1330 185 1393; x_wconf 90' lang='lat' dir='ltr'><strong>nibus</strong></span> <span class='ocrx_word' id='word_1_68' title='bbox 219 1329 366 1394; x_wconf 81' lang='lat' dir='ltr'><strong>dulcibus</strong></span> <span class='ocrx_word' id='word_1_69' title='bbox 398 1331 530 1396; x_wconf 90' lang='lat' dir='ltr'><strong>cottidie</strong></span> <span class='ocrx_word' id='word_1_70' title='bbox 560 1332 695 1415; x_wconf 80' lang='lat' dir='ltr'><strong>agitant.</strong></span> <span class='ocrx_word' id='word_1_71' title='bbox 751 1331 818 1397; x_wconf 89' lang='lat' dir='ltr'><strong>Nec</strong></span> <span class='ocrx_word' id='word_1_72' title='bbox 852 1354 1002 1416; x_wconf 81' lang='lat' dir='ltr'><strong>umquem</strong></span> <span class='ocrx_word' id='word_1_73' title='bbox 1035 1331 1120 1396; x_wconf 83' lang='lat' dir='ltr'><strong>alind</strong></span> <span class='ocrx_word' id='word_1_74' title='bbox 1143 1332 1177 1394; x_wconf 89' lang='lat' dir='ltr'><strong>in</strong></span> <span class='ocrx_word' id='word_1_75' title='bbox 1201 1353 1251 1394; x_wconf 91' lang='lat' dir='ltr'><strong>me</strong></span> 
     </span>
     <span class='ocr_line' id='line_1_10' title="bbox 96 1434 1250 1521; baseline 0.003 -24"><span class='ocrx_word' id='word_1_76' title='bbox 96 1436 286 1500; x_wconf 87' lang='lat' dir='ltr'><strong>censendum</strong></span> <span class='ocrx_word' id='word_1_77' title='bbox 312 1436 459 1518; x_wconf 81' lang='lat' dir='ltr'><strong>putabis,</strong></span> <span class='ocrx_word' id='word_1_78' title='bbox 493 1459 588 1520; x_wconf 85' lang='lat' dir='ltr'><strong>qnam</strong></span> <span class='ocrx_word' id='word_1_79' title='bbox 614 1437 698 1501; x_wconf 92' lang='lat' dir='ltr'><strong>illnd</strong></span> <span class='ocrx_word' id='word_1_80' title='bbox 723 1436 899 1501; x_wconf 88' lang='lat' dir='ltr'><strong>Domitiani</strong></span> <span class='ocrx_word' id='word_1_81' title='bbox 930 1437 1103 1521; x_wconf 88' lang='lat' dir='ltr'><strong>principis:</strong></span> <span class='ocrx_word' id='word_1_82' title='bbox 1144 1434 1250 1500; x_wconf 77' lang='lat' dir='ltr'><strong>»roni</strong></span> 
     </span>
     <span class='ocr_line' id='line_1_11' title="bbox 96 1539 1253 1626; baseline 0.003 -26"><span class='ocrx_word' id='word_1_83' title='bbox 96 1540 199 1604; x_wconf 79' lang='lat' dir='ltr'><strong>animo</strong></span> <span class='ocrx_word' id='word_1_84' title='bbox 214 1539 285 1604; x_wconf 85' lang='lat' dir='ltr'><strong>fero</strong></span> <span class='ocrx_word' id='word_1_85' title='bbox 300 1559 423 1604; x_wconf 86' lang='lat' dir='ltr'><strong>comam</strong></span> <span class='ocrx_word' id='word_1_86' title='bbox 439 1542 471 1604; x_wconf 93' lang='lat' dir='ltr'><strong>in</strong></span> <span class='ocrx_word' id='word_1_87' title='bbox 492 1542 710 1607; x_wconf 86' lang='lat' dir='ltr'><strong>adolescencia</strong></span> <span class='ocrx_word' id='word_1_88' title='bbox 724 1544 733 1577; x_wconf 92' lang='lat'><strong>¹</strong></span> <span class='ocrx_word' id='word_1_89' title='bbox 751 1547 997 1609; x_wconf 80' lang='lat' dir='ltr'><strong>senescentem«.</strong></span> <span class='ocrx_word' id='word_1_90' title='bbox 1035 1540 1140 1607; x_wconf 80' lang='lat' dir='ltr'><strong>Tanto</strong></span> <span class='ocrx_word' id='word_1_91' title='bbox 1151 1541 1253 1626; x_wconf 81' lang='lat' dir='ltr'><strong>igitur</strong></span> 
     </span>
     <span class='ocr_line' id='line_1_12' title="bbox 97 1643 1249 1732; baseline 0.003 -26"><span class='ocrx_word' id='word_1_92' title='bbox 97 1643 240 1728; x_wconf 83' lang='lat' dir='ltr'><strong>exemplo</strong></span> <span class='ocrx_word' id='word_1_93' title='bbox 257 1645 410 1728; x_wconf 88' lang='lat' dir='ltr'><strong>pauculos</strong></span> <span class='ocrx_word' id='word_1_94' title='bbox 426 1667 520 1711; x_wconf 89' lang='lat' dir='ltr'><strong>canos</strong></span> <span class='ocrx_word' id='word_1_95' title='bbox 535 1668 621 1711; x_wconf 86' lang='lat' dir='ltr'><strong>meos</strong></span> <span class='ocrx_word' id='word_1_96' title='bbox 644 1648 712 1732; x_wconf 88' lang='lat' dir='ltr'><strong>ipse</strong></span> <span class='ocrx_word' id='word_1_97' title='bbox 728 1649 849 1713; x_wconf 89' lang='lat' dir='ltr'><strong>solatus</strong></span> <span class='ocrx_word' id='word_1_98' title='bbox 865 1670 944 1712; x_wconf 90' lang='lat' dir='ltr'><strong>snm.</strong></span> <span class='ocrx_word' id='word_1_99' title='bbox 994 1645 1135 1711; x_wconf 90' lang='lat' dir='ltr'><strong>Nummn</strong></span> <span class='ocrx_word' id='word_1_100' title='bbox 1151 1647 1249 1712; x_wconf 83' lang='lat' dir='ltr'><strong>eciam</strong></span> 
     </span>
     <span class='ocr_line' id='line_1_13' title="bbox 100 1745 1251 1838; baseline 0.003 -27"><span class='ocrx_word' id='word_1_101' title='bbox 100 1745 287 1832; x_wconf 86' lang='lat' dir='ltr'><strong>Pompilius,</strong></span> <span class='ocrx_word' id='word_1_102' title='bbox 312 1750 368 1836; x_wconf 90' lang='lat' dir='ltr'><strong>qui</strong></span> <span class='ocrx_word' id='word_1_103' title='bbox 383 1752 537 1817; x_wconf 90' lang='lat' dir='ltr'><strong>secundus</strong></span> <span class='ocrx_word' id='word_1_104' title='bbox 553 1753 638 1816; x_wconf 88' lang='lat' dir='ltr'><strong>inter</strong></span> <span class='ocrx_word' id='word_1_105' title='bbox 658 1751 813 1818; x_wconf 80' lang='lat' dir='ltr'><strong>Romanos</strong></span> <span class='ocrx_word' id='word_1_106' title='bbox 838 1774 927 1838; x_wconf 83' lang='lat' dir='ltr'><strong>reges</strong></span> <span class='ocrx_word' id='word_1_107' title='bbox 943 1752 1096 1837; x_wconf 80' lang='lat' dir='ltr'><strong>dyadema</strong></span> <span class='ocrx_word' id='word_1_108' title='bbox 1117 1753 1251 1816; x_wconf 86' lang='lat' dir='ltr'><strong>sortitus</strong></span> 
     </span>
     <span class='ocr_line' id='line_1_14' title="bbox 96 1855 1251 1942; baseline 0.003 -26"><span class='ocrx_word' id='word_1_109' title='bbox 96 1860 157 1932; x_wconf 88' lang='lat' dir='ltr'><strong>est,</strong></span> <span class='ocrx_word' id='word_1_110' title='bbox 188 1855 231 1919; x_wconf 89' lang='lat' dir='ltr'><strong>ab</strong></span> <span class='ocrx_word' id='word_1_111' title='bbox 256 1855 472 1921; x_wconf 86' lang='lat' dir='ltr'><strong>adolescencia</strong></span> <span class='ocrx_word' id='word_1_112' title='bbox 507 1879 605 1922; x_wconf 85' lang='lat' dir='ltr'><strong>canus</strong></span> <span class='ocrx_word' id='word_1_113' title='bbox 636 1858 778 1923; x_wconf 86' lang='lat' dir='ltr'><strong>creditur</strong></span> <span class='ocrx_word' id='word_1_114' title='bbox 814 1859 919 1924; x_wconf 80' lang='lat' dir='ltr'><strong>luisse.</strong></span> <span class='ocrx_word' id='word_1_115' title='bbox 965 1856 1123 1942; x_wconf 77' lang='lat' dir='ltr'><strong>Virgilius</strong></span> <span class='ocrx_word' id='word_1_116' title='bbox 1154 1857 1251 1922; x_wconf 89' lang='lat' dir='ltr'><strong>eciam</strong></span> 
     </span>
     <span class='ocr_line' id='line_1_15' title="bbox 97 1958 1250 2047; baseline 0.004 -26"><span class='ocrx_word' id='word_1_117' title='bbox 97 1964 201 2022; x_wconf 87' lang='lat' dir='ltr'><strong>noster</strong></span> <span class='ocrx_word' id='word_1_118' title='bbox 224 1960 259 2023; x_wconf 92' lang='lat' dir='ltr'><strong>in</strong></span> <span class='ocrx_word' id='word_1_119' title='bbox 277 1958 435 2040; x_wconf 86' lang='lat' dir='ltr'><strong>Bucolica,</strong></span> <span class='ocrx_word' id='word_1_120' title='bbox 462 1986 556 2047; x_wconf 89' lang='lat' dir='ltr'><strong>qnam</strong></span> <span class='ocrx_word' id='word_1_121' title='bbox 580 1965 677 2029; x_wconf 83' lang='lat' dir='ltr'><strong>xxvii.</strong></span> <span class='ocrx_word' id='word_1_122' title='bbox 693 1966 789 2029; x_wconf 85' lang='lat' dir='ltr'><strong>etatis</strong></span> <span class='ocrx_word' id='word_1_123' title='bbox 805 1986 888 2029; x_wconf 86' lang='lat' dir='ltr'><strong>enno</strong></span> <span class='ocrx_word' id='word_1_124' title='bbox 904 1963 1067 2047; x_wconf 84' lang='lat' dir='ltr'><strong>scripsisse</strong></span> <span class='ocrx_word' id='word_1_125' title='bbox 1084 1986 1153 2028; x_wconf 91' lang='lat' dir='ltr'><strong>enm</strong></span> <span class='ocrx_word' id='word_1_126' title='bbox 1179 1985 1250 2026; x_wconf 91' lang='lat' dir='ltr'><strong>con·</strong></span> 
     </span>
     <span class='ocr_line' id='line_1_16' title="bbox 97 2061 1252 2155; baseline 0.003 -29"><span class='ocrx_word' id='word_1_127' title='bbox 97 2069 158 2128; x_wconf 85' lang='lat' dir='ltr'><strong>stat</strong></span> <span class='ocrx_word' id='word_1_128' title='bbox 168 2061 191 2144; x_wconf 81' lang='lat'><strong>²,</strong></span> <span class='ocrx_word' id='word_1_129' title='bbox 203 2065 265 2128; x_wconf 90' lang='lat' dir='ltr'><strong>snb</strong></span> <span class='ocrx_word' id='word_1_130' title='bbox 277 2087 410 2148; x_wconf 87' lang='lat' dir='ltr'><strong>persona</strong></span> <span class='ocrx_word' id='word_1_131' title='bbox 419 2069 555 2151; x_wconf 88' lang='lat' dir='ltr'><strong>pastoris</strong></span> <span class='ocrx_word' id='word_1_132' title='bbox 564 2069 602 2133; x_wconf 89' lang='lat' dir='ltr'><strong>de</strong></span> <span class='ocrx_word' id='word_1_133' title='bbox 613 2091 647 2134; x_wconf 90' lang='lat' dir='ltr'><strong>se</strong></span> <span class='ocrx_word' id='word_1_134' title='bbox 656 2070 725 2152; x_wconf 91' lang='lat' dir='ltr'><strong>ipso</strong></span> <span class='ocrx_word' id='word_1_135' title='bbox 737 2070 870 2155; x_wconf 87' lang='lat' dir='ltr'><strong>loquens</strong></span> <span class='ocrx_word' id='word_1_136' title='bbox 881 2070 944 2133; x_wconf 86' lang='lat' dir='ltr'><strong>ait:</strong></span> <span class='ocrx_word' id='word_1_137' title='bbox 964 2066 1154 2132; x_wconf 77' lang='lat' dir='ltr'><strong>»Candidior</strong></span> <span class='ocrx_word' id='word_1_138' title='bbox 1165 2073 1252 2151; x_wconf 90' lang='lat' dir='ltr'><strong>post·</strong></span> 
     </span>
     <span class='ocr_line' id='line_1_17' title="bbox 98 2170 1250 2259; baseline 0.003 -26"><span class='ocrx_word' id='word_1_139' title='bbox 98 2190 189 2252; x_wconf 86' lang='lat' dir='ltr'><strong>quam</strong></span> <span class='ocrx_word' id='word_1_140' title='bbox 213 2170 364 2236; x_wconf 90' lang='lat' dir='ltr'><strong>tondenti</strong></span> <span class='ocrx_word' id='word_1_141' title='bbox 388 2174 489 2238; x_wconf 85' lang='lat' dir='ltr'><strong>barba</strong></span> <span class='ocrx_word' id='word_1_142' title='bbox 511 2176 673 2240; x_wconf 80' lang='lat' dir='ltr'><strong>cadebat«</strong></span> <span class='ocrx_word' id='word_1_143' title='bbox 725 2175 780 2238; x_wconf 56' lang='lat' dir='ltr'><strong>&amp;t</strong></span> <span class='ocrx_word' id='word_1_144' title='bbox 796 2177 897 2259; x_wconf 86' lang='lat' dir='ltr'><strong>igitur</strong></span> <span class='ocrx_word' id='word_1_145' title='bbox 922 2173 1041 2258; x_wconf 76' lang='lat' dir='ltr'><strong>grande</strong></span> <span class='ocrx_word' id='word_1_146' title='bbox 1065 2173 1143 2236; x_wconf 90' lang='lat' dir='ltr'><strong>mihi</strong></span> <span class='ocrx_word' id='word_1_147' title='bbox 1167 2173 1250 2236; x_wconf 88' lang='lat' dir='ltr'><strong>sola-</strong></span> 
     </span>
     <span class='ocr_line' id='line_1_18' title="bbox 96 2273 843 2362; baseline 0.009 -25"><span class='ocrx_word' id='word_1_148' title='bbox 96 2273 185 2354; x_wconf 86' lang='lat' dir='ltr'><strong>cium,</strong></span> <span class='ocrx_word' id='word_1_149' title='bbox 210 2283 279 2340; x_wconf 83' lang='lat' dir='ltr'><strong>tum</strong></span> <span class='ocrx_word' id='word_1_150' title='bbox 302 2276 396 2342; x_wconf 87' lang='lat' dir='ltr'><strong>claris</strong></span> <span class='ocrx_word' id='word_1_151' title='bbox 420 2283 546 2362; x_wconf 90' lang='lat' dir='ltr'><strong>septum</strong></span> <span class='ocrx_word' id='word_1_152' title='bbox 572 2301 640 2344; x_wconf 90' lang='lat' dir='ltr'><strong>esse</strong></span> <span class='ocrx_word' id='word_1_153' title='bbox 663 2281 843 2346; x_wconf 88' lang='lat' dir='ltr'><strong>comitibus.</strong></span> 
     </span>
    </p>
   </div>
   <div class='ocr_carea' id='block_1_3' title="bbox 642 2681 703 2752">
    <p class='ocr_par' dir='ltr' id='par_1_3' title="bbox 642 2681 703 2752">
     <span class='ocr_line' id='line_1_19' title="bbox 642 2681 703 2752; baseline 0.016 -1"><span class='ocrx_word' id='word_1_154' title='bbox 642 2681 703 2752; x_wconf 77' lang='lat'><strong>29.</strong></span> 
     </span>
    </p>
   </div>
   <div class='ocr_carea' id='block_1_4' title="bbox 98 2763 1253 3040">
    <p class='ocr_par' dir='ltr' id='par_1_4' title="bbox 98 2763 1253 3040">
     <span class='ocr_line' id='line_1_20' title="bbox 98 2763 1253 2918; baseline 0.005 -30"><span class='ocrx_word' id='word_1_155' title='bbox 98 2817 274 2914; x_wconf 81' lang='lat' dir='ltr'><strong>[l&#39;bomas</strong></span> <span class='ocrx_word' id='word_1_156' title='bbox 291 2763 538 2892; x_wconf 34' lang='lat' dir='ltr'><strong>&#39;Oodenhofer</strong></span> <span class='ocrx_word' id='word_1_157' title='bbox 562 2843 611 2892; x_wconf 85' lang='lat' dir='ltr'><strong>en</strong></span> <span class='ocrx_word' id='word_1_158' title='bbox 640 2821 808 2893; x_wconf 83' lang='lat' dir='ltr'><strong>Andreas</strong></span> <span class='ocrx_word' id='word_1_159' title='bbox 840 2822 1079 2918; x_wconf 86' lang='lat' dir='ltr'><strong>Kanfringer.</strong></span> <span class='ocrx_word' id='word_1_160' title='bbox 1136 2822 1253 2914; x_wconf 79' lang='lat' dir='ltr'><strong>Ange-</strong></span> 
     </span>
     <span class='ocr_line' id='line_1_21' title="bbox 444 2941 913 3040; baseline 0.006 -26"><span class='ocrx_word' id='word_1_161' title='bbox 444 2943 555 3040; x_wconf 85' lang='lat' dir='ltr'><strong>bnrg]</strong></span> <span class='ocrx_word' id='word_1_162' title='bbox 591 2941 689 3016; x_wconf 78' lang='lat'>1460</span> <span class='ocrx_word' id='word_1_163' title='bbox 725 2955 826 3016; x_wconf 77' lang='lat' dir='ltr'><strong>marn</strong></span> <span class='ocrx_word' id='word_1_164' title='bbox 857 2945 913 3018; x_wconf 83' lang='lat'><strong>12.</strong></span> 
     </span>
    </p>
   </div>
   <div class='ocr_carea' id='block_1_5' title="bbox 424 3095 923 3151">
    <p class='ocr_par' dir='ltr' id='par_1_5' title="bbox 424 3095 923 3151">
     <span class='ocr_line' id='line_1_22' title="bbox 424 3095 923 3151; baseline 0.002 -2"><span class='ocrx_word' id='word_1_165' title='bbox 424 3095 487 3149; x_wconf 87' lang='lat' dir='ltr'><strong>clm.</strong></span> <span class='ocrx_word' id='word_1_166' title='bbox 506 3095 593 3151; x_wconf 79' lang='lat'>22403</span> <span class='ocrx_word' id='word_1_167' title='bbox 612 3095 631 3150; x_wconf 84' lang='lat' dir='ltr'><strong>f.</strong></span> <span class='ocrx_word' id='word_1_168' title='bbox 653 3097 710 3150; x_wconf 77' lang='lat'>157.</span> <span class='ocrx_word' id='word_1_169' title='bbox 746 3095 893 3150; x_wconf 80' lang='lat' dir='ltr'><strong>Abscbrilt</strong></span> <span class='ocrx_word' id='word_1_170' title='bbox 905 3097 923 3150; x_wconf 81' lang='lat'><strong>⁸.</strong></span> 
     </span>
    </p>
   </div>
   <div class='ocr_carea' id='block_1_6' title="bbox 101 3218 1255 3513">
    <p class='ocr_par' dir='ltr' id='par_1_6' title="bbox 101 3218 1255 3513">
     <span class='ocr_line' id='line_1_23' title="bbox 103 3218 1254 3285; baseline -0.001 -3"><span class='ocrx_word' id='word_1_171' title='bbox 103 3218 214 3285; x_wconf 85' lang='lat' dir='ltr'><strong>llsnlr</strong></span> <span class='ocrx_word' id='word_1_172' title='bbox 232 3219 380 3284; x_wconf 81' lang='lat' dir='ltr'><strong>flirdie</strong></span> <span class='ocrx_word' id='word_1_173' title='bbox 403 3219 695 3284; x_wconf 77' lang='lat' dir='ltr'><strong>tibersandten</strong></span> <span class='ocrx_word' id='word_1_174' title='bbox 712 3220 949 3285; x_wconf 84' lang='lat' dir='ltr'><strong>cantilenae</strong></span> <span class='ocrx_word' id='word_1_175' title='bbox 971 3221 1045 3284; x_wconf 89' lang='lat' dir='ltr'><strong>des</strong></span> <span class='ocrx_word' id='word_1_176' title='bbox 1068 3220 1254 3284; x_wconf 89' lang='lat' dir='ltr'><strong>dominus</strong></span> 
     </span>
     <span class='ocr_line' id='line_1_24' title="bbox 101 3323 1255 3411; baseline 0 -23"><span class='ocrx_word' id='word_1_177' title='bbox 101 3325 278 3411; x_wconf 83' lang='lat' dir='ltr'><strong>Caspar,</strong></span> <span class='ocrx_word' id='word_1_178' title='bbox 308 3347 357 3388; x_wconf 85' lang='lat' dir='ltr'><strong>en</strong></span> <span class='ocrx_word' id='word_1_179' title='bbox 382 3325 506 3389; x_wconf 87' lang='lat' dir='ltr'><strong>denen</strong></span> <span class='ocrx_word' id='word_1_180' title='bbox 539 3325 774 3389; x_wconf 88' lang='lat' dir='ltr'><strong>besonders</strong></span> <span class='ocrx_word' id='word_1_181' title='bbox 797 3323 965 3389; x_wconf 86' lang='lat' dir='ltr'><strong>Sibilla</strong></span> <span class='ocrx_word' id='word_1_182' title='bbox 992 3325 1255 3388; x_wconf 86' lang='lat' dir='ltr'><strong>Gossembrot</strong></span> 
     </span>
     <span class='ocr_line' id='line_1_25' title="bbox 473 3429 875 3513; baseline 0.002 -19"><span class='ocrx_word' id='word_1_183' title='bbox 473 3429 687 3513; x_wconf 87' lang='lat' dir='ltr'><strong>gefallen</strong></span> <span class='ocrx_word' id='word_1_184' title='bbox 712 3429 875 3496; x_wconf 84' lang='lat' dir='ltr'><strong>findet.</strong></span> 
     </span>
    </p>
   </div>
   <div class='ocr_carea' id='block_1_7' title="bbox 184 3569 1253 3654">
    <p class='ocr_par' dir='ltr' id='par_1_7' title="bbox 184 3569 1253 3654">
     <span class='ocr_line' id='line_1_26' title="bbox 184 3569 1253 3654; baseline -0.002 -18"><span class='ocrx_word' id='word_1_185' title='bbox 184 3571 326 3637; x_wconf 86' lang='lat' dir='ltr'><strong>Sinceris</strong></span> <span class='ocrx_word' id='word_1_186' title='bbox 349 3573 516 3637; x_wconf 81' lang='lat' dir='ltr'><strong>affectibus</strong></span> <span class='ocrx_word' id='word_1_187' title='bbox 538 3593 609 3636; x_wconf 91' lang='lat' dir='ltr'><strong>cum</strong></span> <span class='ocrx_word' id='word_1_188' title='bbox 628 3571 846 3636; x_wconf 82' lang='lat' dir='ltr'><strong>benivolencia</strong></span> <span class='ocrx_word' id='word_1_189' title='bbox 862 3570 1039 3654; x_wconf 89' lang='lat' dir='ltr'><strong>prelibatis.</strong></span> <span class='ocrx_word' id='word_1_190' title='bbox 1086 3569 1175 3646; x_wconf 82' lang='lat' dir='ltr'><strong>Quod</strong></span> <span class='ocrx_word' id='word_1_191' title='bbox 1199 3572 1253 3635; x_wconf 92' lang='lat' dir='ltr'><strong>do·</strong></span> 
     </span>
    </p>
   </div>
   <div class='ocr_carea' id='block_1_8' title="bbox 104 3675 1254 3836">
    <p class='ocr_par' dir='ltr' id='par_1_8' title="bbox 104 3675 1254 3836">
     <span class='ocr_line' id='line_1_27' title="bbox 104 3675 1254 3761; baseline 0 -22"><span class='ocrx_word' id='word_1_192' title='bbox 104 3677 220 3742; x_wconf 87' lang='lat' dir='ltr'><strong>minum</strong></span> <span class='ocrx_word' id='word_1_193' title='bbox 243 3675 438 3761; x_wconf 82' lang='lat' dir='ltr'><strong>Cssparem⁴</strong></span> <span class='ocrx_word' id='word_1_194' title='bbox 475 3677 605 3741; x_wconf 78' lang='lat' dir='ltr'><strong>fratrem</strong></span> <span class='ocrx_word' id='word_1_195' title='bbox 629 3699 735 3742; x_wconf 89' lang='lat' dir='ltr'><strong>meum</strong></span> <span class='ocrx_word' id='word_1_196' title='bbox 759 3683 791 3740; x_wconf 90' lang='lat' dir='ltr'><strong>et</strong></span> <span class='ocrx_word' id='word_1_197' title='bbox 814 3677 974 3741; x_wconf 91' lang='lat' dir='ltr'><strong>hominem</strong></span> <span class='ocrx_word' id='word_1_198' title='bbox 998 3677 1083 3741; x_wconf 89' lang='lat' dir='ltr'><strong>omni</strong></span> <span class='ocrx_word' id='word_1_199' title='bbox 1107 3677 1254 3740; x_wconf 83' lang='lat' dir='ltr'><strong>claritate</strong></span> 
     </span>
     <span class='ocr_line' id='line_1_28' title="bbox 671 3799 688 3836; baseline 0 0"><span class='ocrx_word' id='word_1_200' title='bbox 671 3799 688 3836; x_wconf 71' lang='lat' dir='ltr'><strong>’l‘</strong></span> 
     </span>
    </p>
   </div>
   <div class='ocr_carea' id='block_1_9' title="bbox 104 3883 1256 4642">
    <p class='ocr_par' dir='ltr' id='par_1_9' title="bbox 104 3883 1256 4132">
     <span class='ocr_line' id='line_1_29' title="bbox 105 3883 1255 3955; baseline -0.001 -19"><span class='ocrx_word' id='word_1_201' title='bbox 105 3903 140 3938; x_wconf 88' lang='lat' dir='ltr'><strong>nr.</strong></span> <span class='ocrx_word' id='word_1_202' title='bbox 161 3887 191 3940; x_wconf 79' lang='lat'><strong>14</strong></span> <span class='ocrx_word' id='word_1_203' title='bbox 213 3885 268 3938; x_wconf 87' lang='lat' dir='ltr'><strong>und</strong></span> <span class='ocrx_word' id='word_1_204' title='bbox 289 3886 352 3940; x_wconf 88' lang='lat' dir='ltr'><strong>dem</strong></span> <span class='ocrx_word' id='word_1_205' title='bbox 385 3884 543 3942; x_wconf 82' lang='lat' dir='ltr'><strong>venerande</strong></span> <span class='ocrx_word' id='word_1_206' title='bbox 562 3886 652 3940; x_wconf 83' lang='lat' dir='ltr'><strong>frater</strong></span> <span class='ocrx_word' id='word_1_207' title='bbox 669 3903 690 3938; x_wconf 90' lang='lat' dir='ltr'><strong>s.</strong></span> <span class='ocrx_word' id='word_1_208' title='bbox 705 3884 806 3955; x_wconf 77' lang='lat' dir='ltr'><strong>Jedoch</strong></span> <span class='ocrx_word' id='word_1_209' title='bbox 833 3885 903 3938; x_wconf 85' lang='lat' dir='ltr'><strong>anch</strong></span> <span class='ocrx_word' id='word_1_210' title='bbox 929 3903 969 3938; x_wconf 90' lang='lat' dir='ltr'><strong>ur.</strong></span> <span class='ocrx_word' id='word_1_211' title='bbox 990 3885 1031 3940; x_wconf 82' lang='lat'><strong>33.</strong></span> <span class='ocrx_word' id='word_1_212' title='bbox 1052 3883 1094 3938; x_wconf 77' lang='lat'><strong>78.</strong></span> <span class='ocrx_word' id='word_1_213' title='bbox 1132 3883 1255 3936; x_wconf 86' lang='lat' dir='ltr'><strong>Ersteres</strong></span> 
     </span>
     <span class='ocr_line' id='line_1_30' title="bbox 105 3969 1256 4044; baseline -0.001 -20"><span class='ocrx_word' id='word_1_214' title='bbox 105 3973 169 4026; x_wconf 87' lang='lat' dir='ltr'><strong>uacb</strong></span> <span class='ocrx_word' id='word_1_215' title='bbox 187 3973 237 4028; x_wconf 87' lang='lat' dir='ltr'><strong>der</strong></span> <span class='ocrx_word' id='word_1_216' title='bbox 255 3975 380 4044; x_wconf 88' lang='lat' dir='ltr'><strong>stellnng</strong></span> <span class='ocrx_word' id='word_1_217' title='bbox 408 3972 450 4027; x_wconf 88' lang='lat' dir='ltr'><strong>im</strong></span> <span class='ocrx_word' id='word_1_218' title='bbox 470 3973 555 4029; x_wconf 85' lang='lat' dir='ltr'><strong>codex</strong></span> <span class='ocrx_word' id='word_1_219' title='bbox 573 3973 637 4042; x_wconf 83' lang='lat' dir='ltr'><strong>(aus</strong></span> <span class='ocrx_word' id='word_1_220' title='bbox 653 3971 717 4028; x_wconf 86' lang='lat' dir='ltr'><strong>dem</strong></span> <span class='ocrx_word' id='word_1_221' title='bbox 735 3971 880 4026; x_wconf 76' lang='lat' dir='ltr'><strong>ruckblctt</strong></span> <span class='ocrx_word' id='word_1_222' title='bbox 897 3991 945 4025; x_wconf 84' lang='lat' dir='ltr'><strong>aur</strong></span> <span class='ocrx_word' id='word_1_223' title='bbox 964 3969 1125 4026; x_wconf 83' lang='lat' dir='ltr'><strong>reinschril&#39;t</strong></span> <span class='ocrx_word' id='word_1_224' title='bbox 1143 3969 1191 4022; x_wconf 88' lang='lat' dir='ltr'><strong>des</strong></span> <span class='ocrx_word' id='word_1_225' title='bbox 1210 3985 1256 4023; x_wconf 88' lang='lat' dir='ltr'><strong>vo·</strong></span> 
     </span>
     <span class='ocr_line' id='line_1_31' title="bbox 104 4058 992 4132; baseline -0.001 -20"><span class='ocrx_word' id='word_1_226' title='bbox 104 4059 197 4128; x_wconf 83' lang='lat' dir='ltr'><strong>rigen),</strong></span> <span class='ocrx_word' id='word_1_227' title='bbox 217 4062 313 4116; x_wconf 78' lang='lat' dir='ltr'><strong>uomit</strong></span> <span class='ocrx_word' id='word_1_228' title='bbox 326 4061 427 4132; x_wconf 82' lang='lat' dir='ltr'><strong>jedoch</strong></span> <span class='ocrx_word' id='word_1_229' title='bbox 447 4077 499 4114; x_wconf 87' lang='lat' dir='ltr'><strong>nur</strong></span> <span class='ocrx_word' id='word_1_230' title='bbox 518 4059 563 4115; x_wconf 88' lang='lat' dir='ltr'><strong>ein</strong></span> <span class='ocrx_word' id='word_1_231' title='bbox 583 4058 723 4114; x_wconf 81' lang='lat' dir='ltr'><strong>terminus</strong></span> <span class='ocrx_word' id='word_1_232' title='bbox 750 4076 840 4128; x_wconf 82' lang='lat' dir='ltr'><strong>aquo</strong></span> <span class='ocrx_word' id='word_1_233' title='bbox 859 4059 992 4127; x_wconf 79' lang='lat' dir='ltr'><strong>gegeben.</strong></span> 
     </span>
    </p>

    <p class='ocr_par' dir='ltr' id='par_1_10' title="bbox 105 4144 1256 4568">
     <span class='ocr_line' id='line_1_32' title="bbox 169 4144 1255 4212; baseline -0.006 -9"><span class='ocrx_word' id='word_1_234' title='bbox 169 4149 261 4205; x_wconf 84' lang='lat' dir='ltr'><strong>leod.</strong></span> <span class='ocrx_word' id='word_1_235' title='bbox 280 4149 481 4205; x_wconf 60' lang='lat' dir='ltr'><strong>scelerosum,</strong></span> <span class='ocrx_word' id='word_1_236' title='bbox 587 4147 673 4203; x_wconf 81' lang='lat' dir='ltr'><strong>2Die</strong></span> <span class='ocrx_word' id='word_1_237' title='bbox 699 4145 846 4202; x_wconf 86' lang='lat' dir='ltr'><strong>naebricht</strong></span> <span class='ocrx_word' id='word_1_238' title='bbox 873 4149 990 4200; x_wconf 86' lang='lat' dir='ltr'><strong>stammt</strong></span> <span class='ocrx_word' id='word_1_239' title='bbox 1020 4161 1069 4199; x_wconf 87' lang='lat' dir='ltr'><strong>aus</strong></span> <span class='ocrx_word' id='word_1_240' title='bbox 1097 4144 1160 4198; x_wconf 89' lang='lat' dir='ltr'><strong>dem</strong></span> <span class='ocrx_word' id='word_1_241' title='bbox 1179 4157 1255 4212; x_wconf 79' lang='lat' dir='ltr'><strong>noge·</strong></span> 
     </span>
     <span class='ocr_line' id='line_1_33' title="bbox 105 4231 1254 4305; baseline -0.006 -15"><span class='ocrx_word' id='word_1_242' title='bbox 105 4239 225 4292; x_wconf 70' lang='lat' dir='ltr'><strong>canutam</strong></span> <span class='ocrx_word' id='word_1_243' title='bbox 252 4235 548 4292; x_wconf 85' lang='lat' dir='ltr'><strong>Probus-commentar</strong></span> <span class='ocrx_word' id='word_1_244' title='bbox 567 4253 600 4290; x_wconf 84' lang='lat' dir='ltr'><strong>au</strong></span> <span class='ocrx_word' id='word_1_245' title='bbox 622 4235 727 4305; x_wconf 79' lang='lat' dir='ltr'><strong>Vergil,</strong></span> <span class='ocrx_word' id='word_1_246' title='bbox 746 4235 800 4290; x_wconf 90' lang='lat' dir='ltr'><strong>den</strong></span> <span class='ocrx_word' id='word_1_247' title='bbox 818 4235 961 4290; x_wconf 85' lang='lat' dir='ltr'><strong>Hermann</strong></span> <span class='ocrx_word' id='word_1_248' title='bbox 981 4233 1166 4287; x_wconf 65' lang='lat' dir='ltr'><strong>nnteunml</strong></span> <span class='ocrx_word' id='word_1_249' title='bbox 1185 4231 1254 4287; x_wconf 86' lang='lat' dir='ltr'><strong>noch</strong></span> 
     </span>
     <span class='ocr_line' id='line_1_34' title="bbox 106 4319 1255 4395; baseline -0.003 -21"><span class='ocrx_word' id='word_1_250' title='bbox 106 4321 201 4378; x_wconf 83' lang='lat' dir='ltr'><strong>einmal</strong></span> <span class='ocrx_word' id='word_1_251' title='bbox 221 4324 323 4380; x_wconf 84' lang='lat' dir='ltr'><strong>citisrt.</strong></span> <span class='ocrx_word' id='word_1_252' title='bbox 355 4323 423 4394; x_wconf 80' lang='lat' dir='ltr'><strong>Vgl.</strong></span> <span class='ocrx_word' id='word_1_253' title='bbox 443 4325 544 4394; x_wconf 84' lang='lat' dir='ltr'><strong>jedoch</strong></span> <span class='ocrx_word' id='word_1_254' title='bbox 566 4343 630 4378; x_wconf 79' lang='lat' dir='ltr'><strong>anm</strong></span> <span class='ocrx_word' id='word_1_255' title='bbox 650 4342 759 4395; x_wconf 83' lang='lat' dir='ltr'><strong>ganzen</strong></span> <span class='ocrx_word' id='word_1_256' title='bbox 776 4323 924 4386; x_wconf 83' lang='lat' dir='ltr'><strong>Petrarca,</strong></span> <span class='ocrx_word' id='word_1_257' title='bbox 947 4323 986 4376; x_wconf 86' lang='lat' dir='ltr'><strong>De</strong></span> <span class='ocrx_word' id='word_1_258' title='bbox 1004 4325 1109 4376; x_wconf 84' lang='lat' dir='ltr'><strong>secreto</strong></span> <span class='ocrx_word' id='word_1_259' title='bbox 1128 4319 1255 4376; x_wconf 86' lang='lat' dir='ltr'><strong>conflictu</strong></span> 
     </span>
     <span class='ocr_line' id='line_1_35' title="bbox 107 4405 1256 4483; baseline -0.001 -20"><span class='ocrx_word' id='word_1_260' title='bbox 107 4414 152 4464; x_wconf 80' lang='lat' dir='ltr'><strong>etr.</strong></span> <span class='ocrx_word' id='word_1_261' title='bbox 170 4411 299 4482; x_wconf 77' lang='lat' dir='ltr'><strong>dialogus</strong></span> <span class='ocrx_word' id='word_1_262' title='bbox 319 4411 356 4466; x_wconf 96' lang='lat' dir='ltr'><strong>lll</strong></span> <span class='ocrx_word' id='word_1_263' title='bbox 377 4413 467 4483; x_wconf 88' lang='lat' dir='ltr'><strong>[Opp.</strong></span> <span class='ocrx_word' id='word_1_264' title='bbox 479 4415 529 4468; x_wconf 78' lang='grc'><strong>407</strong></span> <span class='ocrx_word' id='word_1_265' title='bbox 542 4413 580 4480; x_wconf 84' lang='lat' dir='ltr'><strong>f.]‚</strong></span> <span class='ocrx_word' id='word_1_266' title='bbox 599 4413 648 4467; x_wconf 88' lang='lat' dir='ltr'><strong>der</strong></span> <span class='ocrx_word' id='word_1_267' title='bbox 666 4410 794 4465; x_wconf 78' lang='lat' dir='ltr'><strong>wortlicb</strong></span> <span class='ocrx_word' id='word_1_268' title='bbox 808 4409 1037 4480; x_wconf 77' lang='lat' dir='ltr'><strong>arisgeschrisben</strong></span> <span class='ocrx_word' id='word_1_269' title='bbox 1057 4409 1102 4463; x_wconf 88' lang='lat' dir='ltr'><strong>ist.</strong></span> <span class='ocrx_word' id='word_1_270' title='bbox 1156 4409 1172 4462; x_wconf 88' lang='grc'>3</span> <span class='ocrx_word' id='word_1_271' title='bbox 1190 4405 1256 4475; x_wconf 89' lang='lat' dir='ltr'><strong>Vgl.</strong></span> 
     </span>
     <span class='ocr_line' id='line_1_36' title="bbox 107 4496 1237 4568; baseline 0 -18"><span class='ocrx_word' id='word_1_272' title='bbox 107 4497 169 4554; x_wconf 86' lang='lat' dir='ltr'><strong>uben</strong></span> <span class='ocrx_word' id='word_1_273' title='bbox 188 4518 231 4555; x_wconf 87' lang='lat' dir='ltr'><strong>ur.</strong></span> <span class='ocrx_word' id='word_1_274' title='bbox 248 4501 291 4557; x_wconf 78' lang='grc'><strong>25.</strong></span> <span class='ocrx_word' id='word_1_275' title='bbox 364 4503 381 4554; x_wconf 82' lang='lat'>4</span> <span class='ocrx_word' id='word_1_276' title='bbox 400 4499 455 4554; x_wconf 86' lang='lat' dir='ltr'><strong>Der</strong></span> <span class='ocrx_word' id='word_1_277' title='bbox 479 4501 519 4554; x_wconf 88' lang='lat' dir='ltr'><strong>im</strong></span> <span class='ocrx_word' id='word_1_278' title='bbox 539 4502 630 4555; x_wconf 83' lang='lat' dir='ltr'><strong>ersten</strong></span> <span class='ocrx_word' id='word_1_279' title='bbox 652 4499 725 4553; x_wconf 84' lang='lat' dir='ltr'><strong>brief</strong></span> <span class='ocrx_word' id='word_1_280' title='bbox 744 4503 888 4568; x_wconf 84' lang='lat' dir='ltr'><strong>genaunte</strong></span> <span class='ocrx_word' id='word_1_281' title='bbox 908 4497 1038 4567; x_wconf 85' lang='lat' dir='ltr'><strong>capellan</strong></span> <span class='ocrx_word' id='word_1_282' title='bbox 1057 4497 1104 4550; x_wconf 85' lang='lat' dir='ltr'><strong>des</strong></span> <span class='ocrx_word' id='word_1_283' title='bbox 1124 4496 1237 4550; x_wconf 84' lang='lat' dir='ltr'><strong>kaisers.</strong></span> 
     </span>
    </p>

    <p class='ocr_par' dir='ltr' id='par_1_11' title="bbox 1003 4586 1043 4642">
     <span class='ocr_line' id='line_1_37' title="bbox 1003 4586 1043 4642; baseline 0 -24"><span class='ocrx_word' id='word_1_284' title='bbox 1003 4586 1043 4642; x_wconf 70' lang='grc'><strong>5*</strong></span> 
     </span>
    </p>
   </div>
   <div class='ocr_carea' id='block_1_10' title="bbox 0 0 1510 5070">
    <p class='ocr_par' dir='ltr' id='par_1_12' title="bbox 0 0 1510 5070">
     <span class='ocr_line' id='line_1_38' title="bbox 0 0 1510 5070; baseline 0 0"><span class='ocrx_word' id='word_1_285' title='bbox 0 0 1510 5070; x_wconf 95' lang='lat' dir='ltr'><strong> </strong></span> 
     </span>
    </p>
   </div>
  </div>
 </body>
</html>
