2990 5068
646 373 706 438 165

183 547 411 634 Superioribus
432 547 553 626 diebus,
576 551 691 631 patrue
713 549 882 628 carissime,
907 548 1005 614 allata
1030 550 1106 613 snut
1129 546 1250 613 miliia

74 654 233 720 caritate
255 655 312 718 tna
333 674 430 740 opera
453 656 541 718 certa
564 649 608 716 Μ.
632 650 670 721 Τ.
695 651 896 740 O[ioeronis],
919 655 1086 741 inquibus
1108 653 1251 738 legendis

72 761 173 826 adeo
205 757 348 824 animum
383 780 486 824 meum
532 757 720 839 incendunt,
755 764 792 826 ut
825 766 952 847 tempus
982 759 1089 844 sepius
1119 763 1253 844 propter

72 865 265 930 verborum
297 885 334 930 ac
362 863 597 929 sentenciarum
631 864 756 948 copiam
784 871 817 932 et
845 863 1097 951 elegantiam(?)
1118 864 1252 930 deficere

73 971 266 1038 videretur.
307 967 377 1045 Qua
408 970 448 1035 de
475 991 571 1035 causa
603 991 639 1036 ea
661 972 833 1038 transcribi
855 973 972 1040 faciam
997 969 1196 1057 quamtocius
1219 973 1252 1036 et

77 1080 206 1160 postca
220 1074 423 1140 ornatissime
438 1074 533 1160 ligeri
550 1095 589 1140 ac
605 1075 733 1141 mittere
749 1078 876 1143 curabo.
915 1076 1057 1142 Liberam
1070 1071 1249 1162 m[agistri]

78 1180 261 1248 Valentini
277 1179 483 1264 apot[ecarii]
504 1179 705 1264 presentibus
721 1181 876 1249 inclusam
893 1183 999 1261 mitto,
1022 1183 1112 1248 cuius
1132 1181 1250 1246 verite·

79 1293 159 1354 tem
173 1287 218 1370 (1)
252 1286 286 1351 in
326 1307 363 1352 ea
395 1285 531 1370 legendo
564 1286 752 1371 persenties.
805 1286 1007 1372 Quacumque
1038 1285 1142 1352 facere
1171 1285 1250 1351 deli·

82 1393 280 1472 beraveris,
312 1391 453 1472 consulo,
479 1396 516 1457 nt
538 1391 618 1457 bene
648 1391 854 1459 consideratis
884 1391 1021 1479 singulis
1045 1391 1187 1458 animum
1211 1391 1251 1455 ad

81 1521 138 1578 ea,
163 1519 227 1583 que
250 1497 372 1582 optima
396 1497 600 1578 videbuntur,
623 1498 787 1583 applicare
809 1520 909 1565 cures.
947 1494 1098 1562 Proiecto
1120 1495 1252 1562 difficile

81 1609 151 1683 est,
176 1603 215 1668 sd
239 1625 276 1670 ca
299 1602 360 1670 hoc
388 1607 532 1686 tempore
553 1602 661 1669 subito
673 1603 849 1683 ascendere,
873 1603 934 1667 uisi
958 1600 1047 1686 prius
1070 1597 1249 1688 noticia[m]

85 1708 261 1774 hominnm
286 1707 357 1793 quis
387 1707 513 1788 babeat,
545 1707 639 1772 sicuti
662 1708 860 1793 experiencia
886 1709 998 1774 doctus
1020 1710 1053 1772 ct
1078 1707 1248 1772 maximam

86 1835 133 1878 ex
158 1835 195 1878 ea
209 1817 397 1880 consecutus
412 1812 518 1896 sepius
535 1811 749 1898 frequentiam
762 1815 815 1898 (t),
838 1813 1015 1898 proiectum
1031 1817 1065 1877 et
1087 1811 1248 1877 bonorem.

645 2086 705 2162 71.

87 2229 291 2303 Hermann
325 2225 478 2302 Schedel
503 2251 552 2300 au
576 2226 791 2302 Hartmann
815 2227 982 2305 Schedel.
1034 2227 1250 2326 [Augsburg

597 2349 712 2449 1466]
728 2349 751 2425 ¹.

436 2543 440 2555 .
462 2503 525 2558 clm.
538 2504 591 2558 224
608 2504 628 2558 f.
640 2497 714 2564 289⁵.
751 2505 882 2576 Oouccpt.

89 2631 315 2714 Waruung
339 2651 416 2694 von
439 2625 494 2692 dr.
518 2625 721 2695 Heinrich
745 2626 946 2694 (ldrtler.
997 2627 1251 2714 llatsohliigs

86 2760 164 2802 zur
179 2736 414 2819 erleugung
430 2733 541 2799 einer
556 2732 800 2813 aratstelle,
819 2733 1005 2817 speciell
1024 2756 1082 2799 am
1099 2733 1249 2800 Laude-

547 2839 672 2905 hnter
695 2839 801 2906 hoie.

182 2979 326 3046 Salutem
357 2979 529 3064 plurimam
560 2979 649 3044 dicit.
704 2976 875 3062 Cuperem,
908 2977 1025 3044 maiore
1060 2999 1096 3044 ac
1118 2977 1249 3045 lectiore

89 3087 243 3153 benificia
265 3087 298 3152 iu
322 3092 355 3151 te
369 3090 482 3171 gratus
505 3084 620 3164 videri,
651 3105 746 3170 qnam
769 3087 807 3148 ut
829 3084 941 3149 verbis
956 3087 1081 3148 tautum
1111 3105 1248 3171 agerem,

89 3199 211 3280 patrue
236 3191 406 3271 carissime,
431 3191 490 3256 boc
515 3190 599 3256 euim
623 3189 683 3254 tibi
707 3189 825 3269 debeo,
857 3191 1011 3273 quantum
1037 3189 1116 3254 bene
1138 3211 1247 3254 aman·

90 3299 183 3364 tibus
205 3297 314 3362 deberi
337 3299 453 3380 potest.
499 3293 538 3360 In
569 3293 635 3360 dies
667 3294 751 3360 enim
775 3293 881 3377 cogito
903 3314 941 3358 ac
963 3293 1160 3376 perscrutari
1185 3315 1247 3359 non

90 3425 193 3483 cesso,
217 3403 244 3467 si
267 3423 418 3487 umquam
442 3401 502 3466 tibi
526 3405 645 3466 etatum
669 3399 837 3466 honestum
861 3398 1135 3485 bonorificnmqne
1160 3399 1245 3465 ordi·

91 3531 171 3574 nare
193 3529 330 3592 possem,
355 3528 449 3593 quem
465 3505 609 3590 profecto
628 3505 780 3571 hacteuus
795 3527 952 3590 nusquam
970 3503 1034 3589 bijs
1049 3505 1081 3569 in
1100 3505 1248 3588 partibus

89 3614 288 3699 perscrutari
312 3611 412 3697 potui.

183 3718 477 3785 Pollicitacionibus
509 3717 646 3784 doctoris
670 3713 826 3780 Gurtler’
854 3714 1022 3780 minimum
1054 3715 1126 3780 fidei
1159 3715 1248 3782 adbi-

92 3827 178 3890 beas.
229 3822 392 3890 Blandicie
424 3827 519 3903 sunt,
551 3821 671 3887 sufficit
690 3819 856 3906 polliceri,
891 3825 928 3885 ut
949 3819 1092 3886 favorem
1115 3826 1194 3904 aput
1217 3828 1249 3885 te

92 3931 225 3998 interim
252 3929 376 4010 babeat,
400 3950 457 3996 noc
481 3929 536 4015 qni
559 3928 752 4013 promissum
775 3925 1002 4013 oo[m]pleret,
1025 3931 1134 4011 presto
1156 3933 1248 3992 esset.

93 4035 236 4101 Divitem
261 4036 441 4115 vorborum,
466 4035 593 4119 inopem
617 4037 725 4098 antem
748 4053 854 4097 rerum
877 4031 1020 4117 dolisque
1045 4033 1172 4116 plenum
1197 4032 1246 4116 ip·

92 4165 162 4208 sum
185 4163 316 4225 semper
338 4141 483 4228 cognovi,
507 4160 564 4205 nec
587 4143 619 4204 te
636 4139 715 4204 inibi
739 4159 805 4204 csse
821 4137 918 4203 vellet
940 4137 1016 4202 ecio.
1055 4135 1140 4202 Nam
1163 4159 1247 4202 emo·

663 4261 682 4302 a

164 4381 175 4434 1
199 4378 342 4448 Datiruug
360 4377 432 4433 uach
449 4378 499 4433 der
519 4377 645 4447 stelluug
662 4377 701 4432 im
719 4375 805 4432 codex
831 4392 895 4432 snm
915 4373 1073 4444 folgenden.
1143 4372 1244 4446 2Vpl.

93 4469 164 4524 oben
183 4483 226 4524 ur.
246 4468 289 4523 55.
