3002 5070
669 440 687 506 7

96 625 211 707 quibus
235 641 418 708 responsum
445 641 462 680 a
486 639 534 680 me
566 639 691 700 semper
722 621 758 680 ut
788 637 881 698 spero
913 622 1096 700 susceptum
1131 621 1162 681 te
1185 617 1254 682 fore

95 729 198 794 credo.
251 729 365 794 Soneio
396 727 558 789 tamenta
593 723 665 806 plus
698 723 731 786 in
763 721 843 786 mihi
873 723 1040 788 scribendo
1064 723 1253 802 tardiorem,

96 857 189 918 quam
213 835 389 899 credebam.
430 827 551 893 Vellem
577 827 698 912 utique,
721 833 758 892 ut
773 827 878 910 sepius
901 849 1029 892 manuni
1053 828 1174 893 calamo
1190 850 1248 910 ap·

95 939 230 1022 plicares
253 945 286 1003 et
308 936 427 1020 scripta
450 935 507 997 tua
529 933 671 997 crebrius
695 935 773 1015 aput
790 955 840 996 me
855 937 1085 1016 comparerent,
1108 933 1135 997 si
1159 934 1245 997 enim

95 1050 126 1108 te
148 1045 194 1109 sic
217 1039 452 1116 exercitaveris,
476 1037 641 1102 abiliorem
668 1042 699 1101 et
726 1037 958 1120 promptiorem
982 1037 1099 1102 adalia
1119 1042 1153 1102 te
1177 1039 1246 1103 red-

94 1149 155 1214 des.
203 1149 325 1214 Hortor
348 1146 457 1222 eciam,
480 1147 517 1207 ut
540 1163 683 1207 sermone
710 1141 810 1207 latino
840 1140 1027 1226 frequenter
1050 1143 1083 1206 in
1106 1143 1244 1228 singulis

96 1255 158 1318 tuis
174 1251 471 1319 conversacionibus
487 1247 535 1312 uti
550 1247 638 1312 velis.
686 1247 780 1312 Mitto
805 1247 867 1312 tibi
883 1266 955 1311 cum
975 1249 1116 1330 presenti
1132 1246 1243 1327 latore,

94 1359 148 1444 qui
174 1360 231 1434 tui,
257 1363 293 1422 ut
317 1356 424 1432 refert,
447 1351 597 1417 noticiam
616 1351 732 1416 bonam
753 1349 850 1415 babet
866 1355 898 1414 et
914 1356 945 1416 te
969 1353 1145 1419 studiosum
1168 1353 1246 1418 satie

94 1464 255 1547 predicat,
290 1465 470 1527 sexternnm
504 1478 602 1521 unum
633 1457 848 1521 continentem
878 1458 1043 1524 materiam
1067 1460 1244 1525 accentium

93 1570 181 1634 iuxta
204 1568 409 1634 tradicionem
429 1560 624 1628 Alexandri¹
646 1563 679 1625 in
697 1562 796 1628 tercia
814 1562 863 1625 sui
879 1567 981 1646 porte,
1006 1564 1053 1628 uti
1069 1563 1248 1630 luculenter

93 1674 277 1758 conspicies,
302 1694 396 1758 quem
420 1669 466 1734 tui
490 1667 657 1752 amore(m)
681 1667 819 1732 scribere
843 1666 912 1745 feci,
937 1689 1031 1751 quem
1055 1674 1087 1734 et
1110 1674 1243 1754 propter

95 1780 284 1844 brevitatem
307 1775 460 1859 temporis
489 1773 560 1858 alijs
590 1773 775 1858 prepeditus
810 1773 970 1858 corrigere
994 1775 1133 1858 nequivi.
1180 1773 1248 1839 No·

97 1885 180 1949 viter
205 1882 339 1947 materia
361 1880 418 1945 illa
449 1878 584 1944 collecta
604 1884 673 1958 eet,
706 1901 799 1964 spero
829 1879 888 1944 tibi
919 1880 987 1944 fore
1009 1880 1183 1946 ultilimam
1200 1883 1248 1966 (Ξ).

97 1989 198 2054 Credo
228 1989 267 2054 ad
299 1986 519 2072 corrigendum
549 1985 611 2049 erit
635 1983 788 2049 facillima
819 2007 876 2068 per
898 1982 1120 2068 superiorem⁹
1145 1991 1246 2054 tuum.

95 2093 186 2180 Rogo
210 2117 260 2159 me
282 2092 450 2159 cerciorari
473 2091 604 2174 scriptis
627 2091 828 2176 quantocius,
851 2112 913 2175 que
929 2095 1095 2174 expectare
1117 2091 1248 2157 cottidie

93 2199 226 2264 habebo.
275 2195 386 2262 Frater
403 2202 476 2261 tuus
492 2193 532 2261 N.
547 2194 559 2231 ⁸
584 2194 688 2260 adbuc
704 2193 855 2281 L[ipcalr]
869 2195 882 2230 ⁴
905 2200 1050 2280 vagatur,
1074 2195 1172 2260 nullis
1188 2196 1245 2261 ho-

92 2305 189 2368 nestis
213 2304 306 2368 rebus
328 2302 461 2368 deditus.
508 2299 664 2386 lnstigavi
688 2301 795 2384 sepius
825 2303 963 2367 amicum
987 2299 1176 2378 nostruin‘,
1211 2307 1248 2368 ut

92 2411 196 2492 ipsum
223 2407 373 2474 Venecias
408 2428 515 2471 versus
550 2406 712 2485 mitteret,
742 2407 798 2491 qui
831 2410 963 2490 propter
994 2412 1115 2471 metum
1150 2408 1248 2490 pestis

93 2514 206 2579 ibidem
232 2513 360 2598 vigente
376 2511 422 2594 (ἔ),
447 2533 639 2597 quamquam
663 2516 699 2575 ut
722 2511 815 2576 audio
836 2511 914 2576 satis
938 2511 1029 2588 mite,
1054 2513 1158 2595 ipsum
1182 2513 1243 2577 mi-

96 2621 179 2686 nime
203 2621 332 2685 mittere
356 2618 528 2703 pretendit,
552 2622 714 2682 ettamen
738 2616 858 2700 pluries
881 2615 1092 2704 aL[ipczlr]⁶
1117 2619 1244 2682 iuvenes

94 2731 125 2790 et
147 2725 251 2791 adulti
274 2725 319 2790 ibi
343 2725 472 2789 vadunt.
530 2721 618 2788 Facit
641 2723 725 2787 enim
751 2743 835 2786 more
857 2743 923 2787 suo.
970 2719 1093 2786 Vellem
1118 2723 1241 2807 utique,

93 2838 128 2896 ut
150 2830 279 2914 singula
311 2831 342 2893 in
378 2831 494 2894 bonum
528 2828 781 2911 disponerentur.
829 2826 868 2891 In
891 2825 1019 2892 Christo
1053 2832 1086 2892 te
1109 2827 1246 2892 feliciter

91 2937 195 3002 valere
217 2937 320 3020 cupio.
366 2934 581 3000 Salutacicnes
597 2956 680 2998 meas
696 2933 867 2998 affectuose
883 2932 1035 3018 magistro
1058 2931 1099 2997 N.
1126 2940 1158 2997 et
1173 2933 1246 3017 alijs

95 3042 172 3107 mihi
196 3043 281 3108 notis
297 3040 422 3119 offeras,
445 3039 653 3123 singulariter
668 3041 822 3126 magistro
836 3039 872 3106 G.
920 3037 967 3102 Fr
987 3037 1164 3125 A[ogusta]
1182 3045 1242 3104 stc.

91 3149 192 3231 prima
213 3147 263 3212 die
285 3145 496 3210 antefactum
518 3144 619 3208 sancti
646 3143 732 3208 Petri
755 3145 794 3208 ad
819 3143 957 3209 vincula.

183 3251 279 3316 batcr
312 3250 467 3334 presentia
498 3254 619 3314 est...
641 3249 808 3315 Pollicitus
842 3255 891 3314 est
923 3248 1027 3313 adhuc
1058 3249 1151 3314 hodie
1183 3252 1244 3315 iter

94 3379 200 3422 versus
215 3351 496 3442 Nur[embergam]
513 3353 664 3437 arripere.
698 3353 806 3418 Faciet
829 3354 947 3433 forsan,
971 3354 1032 3418 nisi
1056 3355 1240 3437 prepeditus

95 3464 168 3527 vino
190 3461 295 3527 luerit.
343 3459 478 3537 Gaudet,
502 3464 538 3524 ut
562 3460 656 3536 nosti,
682 3481 834 3524 evacuare
858 3459 1007 3524 fecundos
1031 3459 1152 3527 calices.

660 3672 677 3710 e

93 3731 286 3800 Forschungen
304 3727 350 3792 Xl,
370 3728 429 3784 358.
468 3729 562 3799 Vargl.
583 3729 677 3798 Vcigt,
696 3729 950 3798 Wiederbelebung
974 3729 1021 3784 des
1047 3730 1126 3786 class.
1147 3730 1240 3784 Alter·

93 3819 200 3872 thums'
217 3817 252 3882 ll,
271 3817 344 3872 309¹.

163 3908 175 3960 l
197 3905 354 3962 Alexander
372 3906 406 3960 de
424 3905 496 3960 villa
514 3905 566 3968 dei,
581 3905 751 3962 Doctrinale.
823 3907 839 3958 2
860 3905 942 3962 Wohl
962 3906 1012 3960 der
1031 3907 1174 3962 vorsteher
1194 3907 1243 3963 der

93 3993 180 4048 bursa.
286 3993 462 4049 3Jchannes
480 4011 500 4046 ιι.
521 3993 710 4048 Wattenbach
729 3993 746 4047 l.
768 4011 789 4049 c.
809 3995 869 4050 352.
959 3997 975 4047 4
997 3994 1075 4048 Nacb
1094 4011 1135 4047 nr.
1156 3995 1179 4048 8.
1210 3998 1242 4051 17

92 4081 148 4136 und
175 4081 237 4136 dem
265 4080 505 4150 zusammeuhang
537 4080 574 4133 ist
603 4079 813 4150 Nurembergae
838 4099 870 4134 au
898 4083 998 4138 setaen.
1036 4081 1105 4136 Dass
1131 4083 1176 4138 die
1195 4083 1242 4138 ab·

91 4165 359 4240 hornunge-chiltern
384 4167 426 4221 bei
456 4167 614 4222 Hartmann
645 4166 813 4222 willlrllrlich
832 4167 908 4230 dod,
938 4167 1013 4236 aeigt
1040 4169 1126 4223 unten
1145 4185 1188 4225 nr.
1208 4171 1240 4225 31

92 4276 165 4312 anm.
183 4261 206 4313 6.
262 4261 278 4311 5
299 4255 374 4310 Doch
387 4256 459 4310 wohl
479 4257 528 4312 der
545 4274 587 4310 nr.
611 4258 626 4311 8
644 4261 787 4325 generate
799 4259 918 4326 patruus
932 4255 1047 4310 Marcus.
1086 4255 1115 4309 ln
1135 4257 1240 4311 seinem

92 4345 293 4400 lrauskalender
318 4342 392 4414 [clm.
419 4343 479 4414 533]
510 4343 589 4414 giebt
617 4345 775 4398 Hartmann
801 4344 853 4398 das
882 4342 1061 4399 todesdatum
1095 4343 1241 4399 desselben

91 4432 377 4502 2u1477[f01.87r]:
416 4430 509 4486 »obiit
527 4435 555 4486 et
574 4436 691 4502 patruus
721 4448 797 4486 meur
830 4432 938 4488 Marcus
964 4432 993 4485 in
1012 4431 1058 4487 die
1087 4449 1108 4486 s.
1128 4430 1240 4487 Sebaldi

92 4521 165 4592 [ang.
186 4521 236 4592 rs[‚
255 4519 382 4588 sepultus
400 4519 429 4574 in
447 4520 584 4574 cimiterio
603 4538 623 4575 s.
643 4519 778 4574 tebaldi«
853 4523 869 4572 6
890 4520 950 4576 Wie
969 4522 1048 4575 oben.
