2990 5068
661 439 722 504 175

95 615 250 681 consilio
282 615 426 701 optimo,
458 637 491 681 se
521 614 747 681 exhibuissent.
794 614 883 681 Haut
905 616 1035 697 dubito,
1067 639 1099 682 se
1130 620 1216 683 totos
1239 621 1272 682 et

95 720 223 786 forsan
247 722 287 786 ad
303 722 440 800 saniora,
456 728 493 787 ut
505 721 702 806 quorundam
715 721 947 806 fidedignorum
957 727 990 787 et
1002 721 1271 810 magnific[or]um

96 826 275 892 relacione
301 826 448 910 percepi,
471 825 674 906 habuissent,
698 849 772 892 nam
796 831 833 891 ut
855 832 1011 904 asserunt,
1034 849 1067 893 se
1089 833 1213 912 spretos
1236 832 1269 894 et

97 955 173 999 nec
196 931 291 997 iidem
318 936 350 996 et
373 931 597 996 confidentiam
626 931 671 997 eis
694 931 803 998 haberi
827 933 925 998 ullam
951 933 1102 1016 suspicati
1130 932 1271 1000 fuerunt.

98 1035 247 1103 Certum
282 1037 453 1114 habetote,
486 1035 644 1120 primores
675 1036 762 1100 urbis
793 1035 888 1102 huius
917 1037 1173 1123 Augustensibus
1205 1059 1270 1104 nou

98 1143 220 1208 minue
250 1164 347 1227 quam
373 1143 505 1226 proprio
527 1143 656 1207 comodo
678 1141 965 1229 favere-vulgus
980 1144 1165 1228 imperitum
1181 1165 1270 1210 secus

105 1249 311 1333 quandoque
334 1249 426 1335 agit¹
442 1248 535 1312 -in
549 1248 733 1334 multisque,
757 1271 818 1335 que
837 1249 883 1314 eis
898 1249 1015 1330 inuste,
1039 1249 1147 1333 impie,
1171 1254 1269 1314 tenre-

103 1356 209 1432 rarie,
243 1355 411 1441 tyrannice
430 1354 566 1439 denique
585 1355 779 1433 obiciuntur,
803 1355 916 1420 nedum
930 1355 1038 1420 dolere
1052 1359 1101 1419 set
1117 1358 1150 1418 et
1164 1355 1271 1419 omnia

105 1482 194 1545 egre
219 1459 317 1540 ferre,
340 1466 561 1545 retorquentes
582 1459 677 1544 ptura
699 1481 735 1526 ac
757 1481 838 1544 pene
864 1461 971 1526 omnia
996 1461 1028 1524 in
1046 1457 1268 1545 H[ainricum]

106 1563 301 1652 Erel[bach]
314 1564 336 1646 ²,
359 1565 448 1630 cuius
464 1565 668 1650 suggestione
690 1564 868 1650 dyabolica,
884 1587 947 1651 qua
962 1565 1089 1631 foretur
1104 1569 1137 1631 et
1160 1567 1192 1630 in
1210 1566 1270 1630 hu·

106 1672 229 1750 manis,
251 1670 314 1736 hen
341 1671 487 1756 piissimo
509 1671 629 1750 divino,
653 1670 773 1736 iamdiu
795 1675 1015 1750 sumerentur,
1043 1672 1137 1755 ptura
1160 1671 1193 1734 iu
1216 1691 1268 1734 ex·

109 1776 236 1842 cidinm
261 1782 295 1842 et
319 1777 455 1856 ruinam,
478 1778 506 1841 si
528 1781 645 1860 posset,
668 1775 926 1860 Augustensibus
946 1775 1192 1842 machinaretur.
1232 1775 1272 1840 Et

113 1904 314 1968 quamquam
331 1882 515 1948 favoroeum
530 1881 675 1948 habeatis
691 1883 725 1946 iu
742 1881 852 1948 multis
869 1883 1103 1966 imperatorem,
1127 1882 1160 1946 iu
1177 1902 1270 1966 quem

111 1993 146 2052 st
170 1988 343 2053 maximam
373 1993 511 2053 vestram
535 1987 693 2065 fiduciam,
717 1992 754 2053 ut
771 2009 809 2052 ex
831 1987 1011 2072 impetratis
1027 1987 1137 2053 multis
1161 1987 1270 2066 claret,

111 2130 159 2142 -
180 2091 274 2158 nulla
301 2098 407 2158 tamen
432 2093 620 2160 exconcione
646 2116 797 2179 umquam
821 2093 906 2159 facta
931 2133 968 2142 —
998 2093 1134 2178 ponitis,
1164 2093 1272 2172 timeo,

112 2199 248 2264 tandem
282 2221 322 2263 ne
350 2219 407 2284 spe
438 2199 527 2264 omni
557 2199 705 2264 frustrati
732 2221 786 2265 ros
810 2199 941 2265 delictos
963 2195 1147 2264 senciatis⁸.
1206 2196 1271 2262 Ne-

110 2303 287 2370 cessarium
319 2323 396 2388 ergo
418 2303 494 2369 duxi
517 2311 643 2370 maturo
664 2305 797 2370 consilio
819 2326 898 2389 opus
921 2326 988 2370 esse
1012 2305 1044 2369 in
1066 2325 1102 2370 re
1125 2309 1191 2370 tam
1220 2325 1272 2368 ar·

114 2412 181 2476 dua
206 2431 295 2474 mora
317 2408 402 2474 omni
418 2412 548 2487 semota,
572 2433 635 2494 que
656 2410 763 2494 sepius
785 2431 898 2475 nocere
921 2410 1057 2490 videtur,
1086 2415 1120 2475 et
1142 2409 1273 2476 consilia

117 2521 315 2594 exterorum,
331 2513 498 2598 presertim
515 2511 849 2599 Nurembergensium,
865 2519 898 2579 et
913 2513 1048 2580 aliorum
1064 2514 1160 2594 adire,
1184 2537 1272 2600 quos,

112 2629 153 2688 ut
176 2627 281 2686 certus
304 2642 383 2699 sum,
406 2619 574 2684 fidissimos
605 2621 639 2684 in
662 2621 776 2685 vestris
813 2621 947 2707 agendis
971 2621 1132 2688 consultos
1155 2621 1272 2687 habere

112 2727 276 2812 poteritis,
303 2725 358 2810 qui
382 2725 482 2790 eciem
505 2746 568 2791 nou
600 2726 706 2790 minus
736 2725 774 2790 de
797 2748 854 2791 suo
877 2749 971 2811 quam
1006 2731 1110 2794 restro
1132 2728 1273 2813 gaudent

113 2833 259 2898 comodo.
306 2829 533 2897 Detestabilios
558 2837 664 2898 tanim
687 2832 734 2897 uit
758 2855 909 2917 umquam
925 2839 1005 2918 aput
1031 2855 1085 2900 vos
1108 2834 1271 2911 abhorrui,

113 2961 213 3023 quam
244 2937 398 3002 intestina
421 2937 505 3003 bella
526 2939 712 3022 detectoque
726 2938 808 3019 odia,
832 2939 1012 3005 simultates
1031 2941 1166 3024 denique
1188 2940 1272 3006 iuter

112 3067 149 3109 se
172 3063 345 3120 exercere,
367 3042 450 3107 cives
473 3063 546 3108 cum
568 3042 689 3107 civibus
720 3043 760 3106 de
783 3042 904 3108 honore
939 3043 1118 3129 officijequs
1141 3049 1272 3123 certare,

115 3147 310 3235 quaomnia
332 3148 371 3212 ad
395 3147 568 3232 perniciem
592 3152 624 3212 et
645 3168 789 3212 occasum
818 3149 863 3213 rei
887 3149 1014 3232 publice
1044 3171 1270 3233 nonnunquam

115 3253 295 3320 conducere
315 3252 474 3331 ridentur,
498 3275 559 3338 que
581 3257 618 3318 ut
633 3253 710 3318 deus
729 3260 868 3334 avertat,
896 3255 1011 3319 iterum
1028 3277 1064 3320 ac
1079 3257 1196 3320 iterum
1213 3255 1271 3319 hu·

114 3359 238 3425 militer
260 3361 337 3443 opto
360 3358 511 3443 omnique
533 3379 604 3424 cum
627 3359 795 3426 devocione
817 3382 882 3426 oro.
936 3360 983 3427 De
1006 3361 1066 3427 hoc
1088 3361 1183 3440 satis,
1216 3382 1273 3427 uec

115 3487 198 3551 opos
222 3465 255 3530 in
280 3464 342 3548 hijs
365 3487 414 3530 me
438 3466 607 3532 extendere
629 3489 711 3532 reor.
758 3466 839 3534 Novi
874 3469 959 3532 euim
989 3468 1170 3532 rosvinum
1194 3488 1271 3551 pru-

118 3570 340 3636 dentissimum
372 3593 388 3634 e
422 3572 557 3656 quadam
588 3573 679 3656 quasi
709 3574 838 3657 specula
868 3579 986 3639 cuncta
1019 3574 1201 3657 prospicere
1235 3594 1271 3639 ac

118 3675 288 3762 fidediguis
312 3675 382 3742 toco
404 3698 441 3742 ac
465 3683 607 3761 tempore
630 3679 793 3744 consulere
816 3683 849 3744 et
872 3702 933 3764 que
956 3701 1014 3762 per
1030 3701 1141 3744 cursus
1165 3701 1271 3744 rerum

117 3804 154 3847 ac
184 3781 289 3846 exitus
320 3779 432 3847 futura
463 3788 557 3861 sunt,
586 3790 692 3849 vestro
719 3784 927 3868 integerrimo
958 3785 1174 3869 fidissimoque
1198 3807 1271 3848 con·

116 3886 190 3952 silio
213 3885 414 3969 persuadere.

688 3993 705 4032 ‘t‘

188 4116 202 4169 l
223 4113 276 4168 Am
301 4111 389 4168 raude
406 4112 479 4169 ohne
498 4113 804 4184 verusienngsseichen.
875 4116 892 4170 2
910 4117 935 4171 S.
955 4134 979 4173 o.
999 4133 1019 4171 s.
1039 4118 1083 4172 49.
1154 4119 1170 4170 3
1190 4116 1273 4170 Sche-

118 4201 175 4257 dete
196 4201 363 4256 misstraueo
383 4217 474 4271 gsgsu
500 4200 554 4256 den
572 4200 665 4257 kaiser
682 4205 779 4259 words
800 4203 875 4260 'bald
895 4203 1112 4274 gerechtiertigt
1129 4221 1150 4258 s.
1169 4201 1272 4260 tiector

118 4289 238 4345 ttdliche
255 4294 410 4359 tuseerung
429 4305 462 4343 ru
483 4289 551 4344 1468
570 4289 692 4344 so-chr.
713 4291 798 4356 XXII,
818 4293 878 4347 218.

592 4539 801 4548 ——-—
