<?xml version="1.0" encoding="UTF-8"?>
<!DOCTYPE html PUBLIC "-//W3C//DTD XHTML 1.0 Transitional//EN"
    "http://www.w3.org/TR/xhtml1/DTD/xhtml1-transitional.dtd">
<html xmlns="http://www.w3.org/1999/xhtml" xml:lang="en" lang="en">
 <head>
  <title>
</title>
<meta http-equiv="Content-Type" content="text/html;charset=utf-8" />
  <meta name='ocr-system' content='tesseract 3.04.00' />
  <meta name='ocr-capabilities' content='ocr_page ocr_carea ocr_par ocr_line ocrx_word'/>
</head>
<body>
  <div class='ocr_page' id='page_1' title='image "./hermannschedels00schegoog_0050.png"; bbox 0 0 3002 5070; ppageno 0'>
   <div class='ocr_carea' id='block_1_1' title="bbox 824 389 867 452">
    <p class='ocr_par' dir='ltr' id='par_1_1' title="bbox 824 389 867 452">
     <span class='ocr_line' id='line_1_1' title="bbox 824 389 867 452; baseline -0.047 0"><span class='ocrx_word' id='word_1_1' title='bbox 824 389 867 452; x_wconf 77' lang='lat'><strong>34</strong></span> 
     </span>
    </p>
   </div>
   <div class='ocr_carea' id='block_1_2' title="bbox 273 561 1477 3709">
    <p class='ocr_par' dir='ltr' id='par_1_2' title="bbox 273 561 1477 3709">
     <span class='ocr_line' id='line_1_2' title="bbox 274 561 1403 646; baseline 0 -22"><span class='ocrx_word' id='word_1_2' title='bbox 274 561 393 626; x_wconf 84' lang='lat' dir='ltr'><strong>referre</strong></span> <span class='ocrx_word' id='word_1_3' title='bbox 416 561 538 626; x_wconf 87' lang='lat' dir='ltr'><strong>habebo</strong></span> <span class='ocrx_word' id='word_1_4' title='bbox 561 567 593 626; x_wconf 91' lang='lat' dir='ltr'><strong>et</strong></span> <span class='ocrx_word' id='word_1_5' title='bbox 615 561 748 646; x_wconf 84' lang='lat' dir='ltr'>proinde</span> <span class='ocrx_word' id='word_1_6' title='bbox 770 567 824 626; x_wconf 89' lang='lat' dir='ltr'><strong>tue</strong></span> <span class='ocrx_word' id='word_1_7' title='bbox 840 561 1003 626; x_wconf 71' lang='lat' dir='ltr'><strong>dilectioni</strong></span> <span class='ocrx_word' id='word_1_8' title='bbox 1021 585 1070 626; x_wconf 84' lang='lat' dir='ltr'><strong>me</strong></span> <span class='ocrx_word' id='word_1_9' title='bbox 1085 567 1188 626; x_wconf 85' lang='lat' dir='ltr'><strong>totum</strong></span> <span class='ocrx_word' id='word_1_10' title='bbox 1214 561 1304 626; x_wconf 90' lang='lat' dir='ltr'><strong>trado</strong></span> <span class='ocrx_word' id='word_1_11' title='bbox 1326 563 1403 624; x_wconf 90' lang='lat' dir='ltr'><strong>etsic</strong></span> 
     </span>
     <span class='ocr_line' id='line_1_3' title="bbox 275 667 1276 751; baseline 0.003 -21"><span class='ocrx_word' id='word_1_12' title='bbox 275 688 325 730; x_wconf 91' lang='lat' dir='ltr'><strong>me</strong></span> <span class='ocrx_word' id='word_1_13' title='bbox 347 667 448 746; x_wconf 89' lang='lat' dir='ltr'><strong>trado,</strong></span> <span class='ocrx_word' id='word_1_14' title='bbox 470 673 507 732; x_wconf 88' lang='lat' dir='ltr'><strong>ut</strong></span> <span class='ocrx_word' id='word_1_15' title='bbox 529 689 579 732; x_wconf 92' lang='lat' dir='ltr'><strong>me</strong></span> <span class='ocrx_word' id='word_1_16' title='bbox 600 688 659 751; x_wconf 90' lang='lat' dir='ltr'><strong>pro</strong></span> <span class='ocrx_word' id='word_1_17' title='bbox 682 671 739 732; x_wconf 89' lang='lat' dir='ltr'><strong>tuo</strong></span> <span class='ocrx_word' id='word_1_18' title='bbox 762 688 885 750; x_wconf 81' lang='lat' dir='ltr'><strong>semper</strong></span> <span class='ocrx_word' id='word_1_19' title='bbox 911 667 960 732; x_wconf 90' lang='lat' dir='ltr'><strong>uti</strong></span> <span class='ocrx_word' id='word_1_20' title='bbox 983 668 1083 750; x_wconf 90' lang='lat' dir='ltr'><strong>possis</strong></span> <span class='ocrx_word' id='word_1_21' title='bbox 1106 667 1276 733; x_wconf 88' lang='lat' dir='ltr'><strong>arbitratu.</strong></span> 
     </span>
     <span class='ocr_line' id='line_1_4' title="bbox 362 771 1405 858; baseline -0.002 -20"><span class='ocrx_word' id='word_1_22' title='bbox 362 771 524 838; x_wconf 82' lang='lat' dir='ltr'><strong>Prioribus</strong></span> <span class='ocrx_word' id='word_1_23' title='bbox 546 772 624 838; x_wconf 87' lang='lat' dir='ltr'><strong>meis</strong></span> <span class='ocrx_word' id='word_1_24' title='bbox 646 771 801 858; x_wconf 86' lang='lat' dir='ltr'><strong>scriptis¹</strong></span> <span class='ocrx_word' id='word_1_25' title='bbox 832 772 864 837; x_wconf 89' lang='lat' dir='ltr'><strong>id</strong></span> <span class='ocrx_word' id='word_1_26' title='bbox 887 773 972 858; x_wconf 88' lang='lat' dir='ltr'><strong>quod</strong></span> <span class='ocrx_word' id='word_1_27' title='bbox 1002 794 1052 836; x_wconf 91' lang='lat' dir='ltr'><strong>me</strong></span> <span class='ocrx_word' id='word_1_28' title='bbox 1075 773 1199 838; x_wconf 89' lang='lat' dir='ltr'><strong>cuidam</strong></span> <span class='ocrx_word' id='word_1_29' title='bbox 1223 771 1348 838; x_wconf 87' lang='lat' dir='ltr'><strong>mulieri</strong></span> <span class='ocrx_word' id='word_1_30' title='bbox 1368 773 1405 836; x_wconf 92' lang='lat' dir='ltr'><strong>al·</strong></span> 
     </span>
     <span class='ocr_line' id='line_1_5' title="bbox 273 876 1410 963; baseline 0 -23"><span class='ocrx_word' id='word_1_31' title='bbox 273 877 397 963; x_wconf 80' lang='lat' dir='ltr'><strong>ligavit,</strong></span> <span class='ocrx_word' id='word_1_32' title='bbox 421 877 481 942; x_wconf 90' lang='lat' dir='ltr'><strong>tibi</strong></span> <span class='ocrx_word' id='word_1_33' title='bbox 505 883 667 961; x_wconf 87' lang='lat' dir='ltr'><strong>tamquam</strong></span> <span class='ocrx_word' id='word_1_34' title='bbox 695 877 758 942; x_wconf 88' lang='lat' dir='ltr'><strong>fido</strong></span> <span class='ocrx_word' id='word_1_35' title='bbox 790 881 822 942; x_wconf 91' lang='lat' dir='ltr'><strong>et</strong></span> <span class='ocrx_word' id='word_1_36' title='bbox 844 876 966 942; x_wconf 92' lang='lat' dir='ltr'><strong>sincero</strong></span> <span class='ocrx_word' id='word_1_37' title='bbox 996 882 1072 941; x_wconf 90' lang='lat' dir='ltr'><strong>tunc</strong></span> <span class='ocrx_word' id='word_1_38' title='bbox 1101 878 1283 960; x_wconf 78' lang='lat' dir='ltr'><strong>significare</strong></span> <span class='ocrx_word' id='word_1_39' title='bbox 1305 879 1410 952; x_wconf 83' lang='lat' dir='ltr'><strong>curavi,</strong></span> 
     </span>
     <span class='ocr_line' id='line_1_6' title="bbox 273 981 1407 1068; baseline 0 -22"><span class='ocrx_word' id='word_1_40' title='bbox 273 1003 331 1047; x_wconf 88' lang='lat' dir='ltr'><strong>nec</strong></span> <span class='ocrx_word' id='word_1_41' title='bbox 354 983 438 1068; x_wconf 90' lang='lat' dir='ltr'><strong>quod</strong></span> <span class='ocrx_word' id='word_1_42' title='bbox 457 983 560 1048; x_wconf 86' lang='lat' dir='ltr'><strong>adbuc</strong></span> <span class='ocrx_word' id='word_1_43' title='bbox 576 1003 625 1047; x_wconf 86' lang='lat' dir='ltr'><strong>me</strong></span> <span class='ocrx_word' id='word_1_44' title='bbox 640 983 743 1066; x_wconf 82' lang='lat' dir='ltr'><strong>augit,</strong></span> <span class='ocrx_word' id='word_1_45' title='bbox 759 981 818 1047; x_wconf 90' lang='lat' dir='ltr'><strong>tibi</strong></span> <span class='ocrx_word' id='word_1_46' title='bbox 834 981 994 1048; x_wconf 87' lang='lat' dir='ltr'><strong>occultare</strong></span> <span class='ocrx_word' id='word_1_47' title='bbox 1009 981 1088 1049; x_wconf 90' lang='lat' dir='ltr'><strong>volo.</strong></span> <span class='ocrx_word' id='word_1_48' title='bbox 1136 981 1203 1048; x_wconf 86' lang='lat' dir='ltr'><strong>Scis</strong></span> <span class='ocrx_word' id='word_1_49' title='bbox 1218 983 1314 1060; x_wconf 86' lang='lat' dir='ltr'><strong>enirn,</strong></span> <span class='ocrx_word' id='word_1_50' title='bbox 1336 1004 1407 1047; x_wconf 85' lang='lat' dir='ltr'><strong>mor·</strong></span> 
     </span>
     <span class='ocr_line' id='line_1_7' title="bbox 273 1087 1407 1173; baseline -0.002 -21"><span class='ocrx_word' id='word_1_51' title='bbox 273 1087 338 1153; x_wconf 87' lang='lat' dir='ltr'><strong>tale</strong></span> <span class='ocrx_word' id='word_1_52' title='bbox 360 1108 461 1173; x_wconf 82' lang='lat' dir='ltr'><strong>genus</strong></span> <span class='ocrx_word' id='word_1_53' title='bbox 484 1110 578 1173; x_wconf 91' lang='lat' dir='ltr'><strong>quam</strong></span> <span class='ocrx_word' id='word_1_54' title='bbox 609 1089 642 1152; x_wconf 91' lang='lat' dir='ltr'><strong>in</strong></span> <span class='ocrx_word' id='word_1_55' title='bbox 676 1109 783 1152; x_wconf 87' lang='lat' dir='ltr'><strong>amore</strong></span> <span class='ocrx_word' id='word_1_56' title='bbox 805 1088 848 1153; x_wconf 89' lang='lat' dir='ltr'><strong>sit</strong></span> <span class='ocrx_word' id='word_1_57' title='bbox 871 1109 1026 1172; x_wconf 89' lang='lat' dir='ltr'><strong>pronum,</strong></span> <span class='ocrx_word' id='word_1_58' title='bbox 1058 1109 1116 1153; x_wconf 91' lang='lat' dir='ltr'><strong>nec</strong></span> <span class='ocrx_word' id='word_1_59' title='bbox 1138 1109 1193 1154; x_wconf 88' lang='lat' dir='ltr'><strong>cor</strong></span> <span class='ocrx_word' id='word_1_60' title='bbox 1216 1095 1275 1164; x_wconf 89' lang='lat' dir='ltr'><strong>est,</strong></span> <span class='ocrx_word' id='word_1_61' title='bbox 1298 1088 1323 1151; x_wconf 89' lang='lat' dir='ltr'><strong>si</strong></span> <span class='ocrx_word' id='word_1_62' title='bbox 1346 1108 1407 1151; x_wconf 86' lang='lat' dir='ltr'><strong>vero</strong></span> 
     </span>
     <span class='ocr_line' id='line_1_8' title="bbox 273 1192 1410 1281; baseline -0.004 -21"><span class='ocrx_word' id='word_1_63' title='bbox 273 1215 422 1260; x_wconf 88' lang='lat' dir='ltr'><strong>carneum</strong></span> <span class='ocrx_word' id='word_1_64' title='bbox 446 1199 503 1274; x_wconf 88' lang='lat' dir='ltr'><strong>est,</strong></span> <span class='ocrx_word' id='word_1_65' title='bbox 526 1195 610 1281; x_wconf 88' lang='lat' dir='ltr'><strong>quod</strong></span> <span class='ocrx_word' id='word_1_66' title='bbox 634 1194 750 1258; x_wconf 87' lang='lat' dir='ltr'><strong>amoris</strong></span> <span class='ocrx_word' id='word_1_67' title='bbox 765 1192 939 1278; x_wconf 89' lang='lat' dir='ltr'><strong>aliqnando</strong></span> <span class='ocrx_word' id='word_1_68' title='bbox 961 1213 1024 1259; x_wconf 91' lang='lat' dir='ltr'><strong>non</strong></span> <span class='ocrx_word' id='word_1_69' title='bbox 1045 1193 1166 1259; x_wconf 89' lang='lat' dir='ltr'><strong>senciat</strong></span> <span class='ocrx_word' id='word_1_70' title='bbox 1188 1192 1344 1272; x_wconf 83' lang='lat' dir='ltr'><strong>stimulos,</strong></span> <span class='ocrx_word' id='word_1_71' title='bbox 1364 1213 1410 1256; x_wconf 85' lang='lat' dir='ltr'><strong>nec</strong></span> 
     </span>
     <span class='ocr_line' id='line_1_9' title="bbox 273 1297 1411 1386; baseline -0.004 -22"><span class='ocrx_word' id='word_1_72' title='bbox 273 1301 371 1365; x_wconf 87' lang='lat' dir='ltr'><strong>eciam</strong></span> <span class='ocrx_word' id='word_1_73' title='bbox 405 1299 655 1384; x_wconf 88' lang='lat' dir='ltr'><strong>sapientissimos</strong></span> <span class='ocrx_word' id='word_1_74' title='bbox 690 1298 863 1384; x_wconf 87' lang='lat' dir='ltr'><strong>aliquando</strong></span> <span class='ocrx_word' id='word_1_75' title='bbox 907 1299 1039 1386; x_wconf 87' lang='lat' dir='ltr'><strong>reliquit</strong></span> <span class='ocrx_word' id='word_1_76' title='bbox 1077 1299 1242 1364; x_wconf 89' lang='lat' dir='ltr'><strong>immunes.</strong></span> <span class='ocrx_word' id='word_1_77' title='bbox 1302 1297 1411 1364; x_wconf 86' lang='lat' dir='ltr'><strong>Incensi</strong></span> 
     </span>
     <span class='ocr_line' id='line_1_10' title="bbox 274 1403 1410 1490; baseline -0.003 -20"><span class='ocrx_word' id='word_1_78' title='bbox 274 1405 359 1470; x_wconf 91' lang='lat' dir='ltr'><strong>enim</strong></span> <span class='ocrx_word' id='word_1_79' title='bbox 381 1404 518 1489; x_wconf 88' lang='lat' dir='ltr'><strong>pectoris</strong></span> <span class='ocrx_word' id='word_1_80' title='bbox 541 1408 574 1467; x_wconf 91' lang='lat' dir='ltr'><strong>et</strong></span> <span class='ocrx_word' id='word_1_81' title='bbox 595 1403 711 1468; x_wconf 87' lang='lat' dir='ltr'><strong>amoris</strong></span> <span class='ocrx_word' id='word_1_82' title='bbox 734 1403 864 1470; x_wconf 81' lang='lat' dir='ltr'><strong>inhibiti</strong></span> <span class='ocrx_word' id='word_1_83' title='bbox 888 1424 924 1468; x_wconf 88' lang='lat' dir='ltr'><strong>ea</strong></span> <span class='ocrx_word' id='word_1_84' title='bbox 939 1409 1056 1468; x_wconf 88' lang='lat' dir='ltr'><strong>natura</strong></span> <span class='ocrx_word' id='word_1_85' title='bbox 1078 1408 1136 1484; x_wconf 88' lang='lat' dir='ltr'><strong>est,</strong></span> <span class='ocrx_word' id='word_1_86' title='bbox 1159 1405 1238 1470; x_wconf 82' lang='lat' dir='ltr'><strong>utri</strong></span> <span class='ocrx_word' id='word_1_87' title='bbox 1254 1405 1326 1490; x_wconf 89' lang='lat' dir='ltr'><strong>quis</strong></span> <span class='ocrx_word' id='word_1_88' title='bbox 1347 1425 1410 1487; x_wconf 78' lang='lat' dir='ltr'><strong>pro</strong></span> 
     </span>
     <span class='ocr_line' id='line_1_11' title="bbox 276 1509 1411 1596; baseline -0.002 -22"><span class='ocrx_word' id='word_1_89' title='bbox 276 1510 463 1596; x_wconf 69' lang='lat' dir='ltr'><strong>bibeatlur),</strong></span> <span class='ocrx_word' id='word_1_90' title='bbox 488 1510 589 1594; x_wconf 83' lang='lat' dir='ltr'><strong>magis</strong></span> <span class='ocrx_word' id='word_1_91' title='bbox 606 1509 725 1590; x_wconf 79' lang='lat' dir='ltr'><strong>ardeat,</strong></span> <span class='ocrx_word' id='word_1_92' title='bbox 748 1529 827 1593; x_wconf 88' lang='lat' dir='ltr'><strong>quos</strong></span> <span class='ocrx_word' id='word_1_93' title='bbox 844 1509 971 1596; x_wconf 89' lang='lat' dir='ltr'><strong>quidem</strong></span> <span class='ocrx_word' id='word_1_94' title='bbox 987 1509 1111 1576; x_wconf 86' lang='lat' dir='ltr'><strong>aculeos</strong></span> <span class='ocrx_word' id='word_1_95' title='bbox 1128 1510 1243 1575; x_wconf 83' lang='lat' dir='ltr'><strong>mentis</strong></span> <span class='ocrx_word' id='word_1_96' title='bbox 1260 1532 1328 1576; x_wconf 90' lang='lat' dir='ltr'><strong>mee</strong></span> <span class='ocrx_word' id='word_1_97' title='bbox 1349 1509 1411 1574; x_wconf 82' lang='lat' dir='ltr'><strong>sub</strong></span> 
     </span>
     <span class='ocr_line' id='line_1_12' title="bbox 276 1613 1413 1702; baseline 0 -24"><span class='ocrx_word' id='word_1_98' title='bbox 276 1614 438 1700; x_wconf 81' lang='lat' dir='ltr'><strong>terlugere</strong></span> <span class='ocrx_word' id='word_1_99' title='bbox 459 1637 591 1702; x_wconf 84' lang='lat' dir='ltr'>nequeo.</span> <span class='ocrx_word' id='word_1_100' title='bbox 638 1613 723 1679; x_wconf 89' lang='lat' dir='ltr'><strong>Nam</strong></span> <span class='ocrx_word' id='word_1_101' title='bbox 745 1621 781 1679; x_wconf 87' lang='lat' dir='ltr'><strong>ut</strong></span> <span class='ocrx_word' id='word_1_102' title='bbox 804 1636 878 1682; x_wconf 88' lang='lat' dir='ltr'><strong>vera</strong></span> <span class='ocrx_word' id='word_1_103' title='bbox 901 1614 962 1681; x_wconf 92' lang='lat' dir='ltr'><strong>tibi</strong></span> <span class='ocrx_word' id='word_1_104' title='bbox 984 1615 1108 1695; x_wconf 86' lang='lat' dir='ltr'><strong>fateor,</strong></span> <span class='ocrx_word' id='word_1_105' title='bbox 1131 1637 1194 1681; x_wconf 90' lang='lat' dir='ltr'><strong>non</strong></span> <span class='ocrx_word' id='word_1_106' title='bbox 1218 1637 1289 1682; x_wconf 88' lang='lat' dir='ltr'><strong>eam</strong></span> <span class='ocrx_word' id='word_1_107' title='bbox 1311 1635 1413 1700; x_wconf 81' lang='lat' dir='ltr'><strong>apro</strong></span> 
     </span>
     <span class='ocr_line' id='line_1_13' title="bbox 275 1719 1413 1806; baseline 0 -22"><span class='ocrx_word' id='word_1_108' title='bbox 275 1719 380 1803; x_wconf 90' lang='lat' dir='ltr'><strong>posito</strong></span> <span class='ocrx_word' id='word_1_109' title='bbox 404 1719 509 1802; x_wconf 74' lang='lat' dir='ltr'><strong>elegi,</strong></span> <span class='ocrx_word' id='word_1_110' title='bbox 541 1725 591 1785; x_wconf 89' lang='lat' dir='ltr'><strong>set</strong></span> <span class='ocrx_word' id='word_1_111' title='bbox 620 1741 711 1786; x_wconf 84' lang='lat' dir='ltr'><strong>cesus</strong></span> <span class='ocrx_word' id='word_1_112' title='bbox 733 1721 822 1786; x_wconf 85' lang='lat' dir='ltr'><strong>dedit</strong></span> <span class='ocrx_word' id='word_1_113' title='bbox 844 1721 1009 1786; x_wconf 88' lang='lat' dir='ltr'><strong>amandam</strong></span> <span class='ocrx_word' id='word_1_114' title='bbox 1033 1727 1066 1787; x_wconf 90' lang='lat' dir='ltr'><strong>et</strong></span> <span class='ocrx_word' id='word_1_115' title='bbox 1090 1722 1174 1806; x_wconf 87' lang='lat' dir='ltr'><strong>quod</strong></span> <span class='ocrx_word' id='word_1_116' title='bbox 1196 1743 1282 1786; x_wconf 85' lang='lat' dir='ltr'><strong>nunc</strong></span> <span class='ocrx_word' id='word_1_117' title='bbox 1303 1722 1336 1786; x_wconf 91' lang='lat' dir='ltr'><strong>in</strong></span> <span class='ocrx_word' id='word_1_118' title='bbox 1358 1721 1413 1786; x_wconf 85' lang='lat' dir='ltr'><strong>dies</strong></span> 
     </span>
     <span class='ocr_line' id='line_1_14' title="bbox 277 1825 1413 1912; baseline -0.003 -22"><span class='ocrx_word' id='word_1_119' title='bbox 277 1825 392 1904; x_wconf 88' lang='lat' dir='ltr'><strong>evenit,</strong></span> <span class='ocrx_word' id='word_1_120' title='bbox 415 1847 478 1890; x_wconf 88' lang='lat' dir='ltr'><strong>non</strong></span> <span class='ocrx_word' id='word_1_121' title='bbox 501 1826 561 1892; x_wconf 87' lang='lat' dir='ltr'><strong>tibi</strong></span> <span class='ocrx_word' id='word_1_122' title='bbox 588 1825 709 1906; x_wconf 88' lang='lat' dir='ltr'><strong>tacebo,</strong></span> <span class='ocrx_word' id='word_1_123' title='bbox 733 1828 810 1912; x_wconf 89' lang='lat' dir='ltr'><strong>quia</strong></span> <span class='ocrx_word' id='word_1_124' title='bbox 825 1827 887 1892; x_wconf 90' lang='lat' dir='ltr'><strong>iam</strong></span> <span class='ocrx_word' id='word_1_125' title='bbox 909 1827 971 1891; x_wconf 93' lang='lat' dir='ltr'><strong>mei</strong></span> <span class='ocrx_word' id='word_1_126' title='bbox 988 1827 1091 1892; x_wconf 86' lang='lat' dir='ltr'><strong>cordis</strong></span> <span class='ocrx_word' id='word_1_127' title='bbox 1106 1825 1240 1892; x_wconf 86' lang='lat' dir='ltr'><strong>alteram</strong></span> <span class='ocrx_word' id='word_1_128' title='bbox 1257 1831 1290 1892; x_wconf 86' lang='lat' dir='ltr'><strong>te</strong></span> <span class='ocrx_word' id='word_1_129' title='bbox 1313 1829 1413 1910; x_wconf 83' lang='lat' dir='ltr'><strong>reputo</strong></span> 
     </span>
     <span class='ocr_line' id='line_1_15' title="bbox 275 1928 1413 2017; baseline -0.004 -22"><span class='ocrx_word' id='word_1_130' title='bbox 275 1936 410 2014; x_wconf 88' lang='lat' dir='ltr'><strong>partam.</strong></span> <span class='ocrx_word' id='word_1_131' title='bbox 446 1929 564 2015; x_wconf 86' lang='lat' dir='ltr'><strong>Ipsam,</strong></span> <span class='ocrx_word' id='word_1_132' title='bbox 581 1954 675 2017; x_wconf 88' lang='lat' dir='ltr'><strong>quam</strong></span> <span class='ocrx_word' id='word_1_133' title='bbox 691 1953 773 2012; x_wconf 89' lang='lat' dir='ltr'><strong>amo,</strong></span> <span class='ocrx_word' id='word_1_134' title='bbox 790 1930 913 1996; x_wconf 89' lang='lat' dir='ltr'><strong>Venere</strong></span> <span class='ocrx_word' id='word_1_135' title='bbox 931 1932 1145 1998; x_wconf 78' lang='lat' dir='ltr'><strong>venustiorem</strong></span> <span class='ocrx_word' id='word_1_136' title='bbox 1162 1931 1281 1996; x_wconf 85' lang='lat' dir='ltr'><strong>credas.</strong></span> <span class='ocrx_word' id='word_1_137' title='bbox 1313 1928 1413 1994; x_wconf 78' lang='lat' dir='ltr'><strong>&#39;lectus</strong></span> 
     </span>
     <span class='ocr_line' id='line_1_16' title="bbox 274 2035 1412 2125; baseline -0.001 -25"><span class='ocrx_word' id='word_1_138' title='bbox 274 2035 377 2101; x_wconf 89' lang='lat' dir='ltr'><strong>adbuc</strong></span> <span class='ocrx_word' id='word_1_139' title='bbox 401 2036 485 2102; x_wconf 86' lang='lat' dir='ltr'><strong>inter</strong></span> <span class='ocrx_word' id='word_1_140' title='bbox 509 2057 566 2101; x_wconf 92' lang='lat' dir='ltr'><strong>nos</strong></span> <span class='ocrx_word' id='word_1_141' title='bbox 581 2058 670 2102; x_wconf 89' lang='lat' dir='ltr'><strong>amor</strong></span> <span class='ocrx_word' id='word_1_142' title='bbox 693 2043 750 2117; x_wconf 87' lang='lat' dir='ltr'><strong>est,</strong></span> <span class='ocrx_word' id='word_1_143' title='bbox 774 2059 868 2124; x_wconf 90' lang='lat' dir='ltr'><strong>quam</strong></span> <span class='ocrx_word' id='word_1_144' title='bbox 882 2037 1040 2125; x_wconf 69' lang='lat' dir='ltr'><strong>divulgari</strong></span> <span class='ocrx_word' id='word_1_145' title='bbox 1065 2037 1273 2124; x_wconf 83' lang='lat' dir='ltr'><strong>quovismodo</strong></span> <span class='ocrx_word' id='word_1_146' title='bbox 1297 2035 1412 2102; x_wconf 87' lang='lat' dir='ltr'><strong>nollem.</strong></span> 
     </span>
     <span class='ocr_line' id='line_1_17' title="bbox 277 2139 1412 2210; baseline -0.004 -4"><span class='ocrx_word' id='word_1_147' title='bbox 277 2139 353 2206; x_wconf 86' lang='lat' dir='ltr'><strong>Levi</strong></span> <span class='ocrx_word' id='word_1_148' title='bbox 377 2142 462 2206; x_wconf 88' lang='lat' dir='ltr'><strong>enim</strong></span> <span class='ocrx_word' id='word_1_149' title='bbox 484 2142 567 2206; x_wconf 85' lang='lat' dir='ltr'><strong>flexu</strong></span> <span class='ocrx_word' id='word_1_150' title='bbox 591 2142 755 2208; x_wconf 85' lang='lat' dir='ltr'><strong>oculorum</strong></span> <span class='ocrx_word' id='word_1_151' title='bbox 772 2165 910 2210; x_wconf 89' lang='lat' dir='ltr'><strong>amorem</strong></span> <span class='ocrx_word' id='word_1_152' title='bbox 934 2143 966 2207; x_wconf 92' lang='lat' dir='ltr'><strong>in</strong></span> <span class='ocrx_word' id='word_1_153' title='bbox 991 2166 1041 2207; x_wconf 88' lang='lat' dir='ltr'><strong>me</strong></span> <span class='ocrx_word' id='word_1_154' title='bbox 1056 2143 1283 2210; x_wconf 78' lang='lat' dir='ltr'><strong>dormitantem</strong></span> <span class='ocrx_word' id='word_1_155' title='bbox 1308 2142 1412 2208; x_wconf 84' lang='lat' dir='ltr'><strong>excitat</strong></span> 
     </span>
     <span class='ocr_line' id='line_1_18' title="bbox 274 2245 1413 2334; baseline -0.006 -20"><span class='ocrx_word' id='word_1_156' title='bbox 274 2253 395 2314; x_wconf 88' lang='lat' dir='ltr'><strong>ettam</strong></span> <span class='ocrx_word' id='word_1_157' title='bbox 420 2248 598 2314; x_wconf 86' lang='lat' dir='ltr'><strong>vehementi</strong></span> <span class='ocrx_word' id='word_1_158' title='bbox 622 2248 744 2332; x_wconf 90' lang='lat' dir='ltr'><strong>impetu</strong></span> <span class='ocrx_word' id='word_1_159' title='bbox 767 2271 817 2313; x_wconf 90' lang='lat' dir='ltr'><strong>me</strong></span> <span class='ocrx_word' id='word_1_160' title='bbox 844 2249 968 2334; x_wconf 84' lang='lat' dir='ltr'><strong>agitare</strong></span> <span class='ocrx_word' id='word_1_161' title='bbox 992 2249 1166 2326; x_wconf 88' lang='lat' dir='ltr'><strong>cousuevit,</strong></span> <span class='ocrx_word' id='word_1_162' title='bbox 1189 2253 1227 2314; x_wconf 93' lang='lat' dir='ltr'><strong>ut</strong></span> <span class='ocrx_word' id='word_1_163' title='bbox 1255 2249 1367 2314; x_wconf 84' lang='lat' dir='ltr'><strong>merito</strong></span> <span class='ocrx_word' id='word_1_164' title='bbox 1389 2245 1413 2310; x_wconf 85' lang='lat' dir='ltr'><strong>ei</strong></span> 
     </span>
     <span class='ocr_line' id='line_1_19' title="bbox 273 2352 1414 2438; baseline -0.003 -20"><span class='ocrx_word' id='word_1_165' title='bbox 273 2355 356 2420; x_wconf 85' lang='lat' dir='ltr'><strong>vices</strong></span> <span class='ocrx_word' id='word_1_166' title='bbox 378 2353 505 2421; x_wconf 90' lang='lat' dir='ltr'><strong>reddam</strong></span> <span class='ocrx_word' id='word_1_167' title='bbox 528 2355 653 2420; x_wconf 88' lang='lat' dir='ltr'><strong>amoris.</strong></span> <span class='ocrx_word' id='word_1_168' title='bbox 700 2353 777 2430; x_wconf 86' lang='lat' dir='ltr'><strong>Quis</strong></span> <span class='ocrx_word' id='word_1_169' title='bbox 799 2354 884 2420; x_wconf 86' lang='lat' dir='ltr'><strong>enim</strong></span> <span class='ocrx_word' id='word_1_170' title='bbox 907 2359 972 2420; x_wconf 86' lang='lat' dir='ltr'><strong>tam</strong></span> <span class='ocrx_word' id='word_1_171' title='bbox 995 2374 1107 2420; x_wconf 87' lang='lat' dir='ltr'><strong>saxeus</strong></span> <span class='ocrx_word' id='word_1_172' title='bbox 1130 2375 1195 2420; x_wconf 87' lang='lat' dir='ltr'><strong>asse</strong></span> <span class='ocrx_word' id='word_1_173' title='bbox 1224 2359 1349 2438; x_wconf 88' lang='lat' dir='ltr'><strong>potest,</strong></span> <span class='ocrx_word' id='word_1_174' title='bbox 1370 2352 1414 2436; x_wconf 85' lang='lat' dir='ltr'><strong>qui</strong></span> 
     </span>
     <span class='ocr_line' id='line_1_20' title="bbox 274 2456 1411 2545; baseline 0 -23"><span class='ocrx_word' id='word_1_175' title='bbox 274 2480 338 2524; x_wconf 92' lang='lat' dir='ltr'><strong>non</strong></span> <span class='ocrx_word' id='word_1_176' title='bbox 361 2463 446 2524; x_wconf 86' lang='lat' dir='ltr'><strong>amet</strong></span> <span class='ocrx_word' id='word_1_177' title='bbox 468 2464 601 2524; x_wconf 87' lang='lat' dir='ltr'><strong>amatus.</strong></span> <span class='ocrx_word' id='word_1_178' title='bbox 648 2456 799 2524; x_wconf 83' lang='lat' dir='ltr'><strong>Omatior</strong></span> <span class='ocrx_word' id='word_1_179' title='bbox 830 2481 967 2545; x_wconf 87' lang='lat' dir='ltr'><strong>namque</strong></span> <span class='ocrx_word' id='word_1_180' title='bbox 993 2461 1025 2524; x_wconf 87' lang='lat' dir='ltr'><strong>in</strong></span> <span class='ocrx_word' id='word_1_181' title='bbox 1057 2459 1123 2526; x_wconf 87' lang='lat' dir='ltr'><strong>dies</strong></span> <span class='ocrx_word' id='word_1_182' title='bbox 1146 2459 1329 2544; x_wconf 87' lang='lat' dir='ltr'><strong>conspectui</strong></span> <span class='ocrx_word' id='word_1_183' title='bbox 1353 2477 1411 2524; x_wconf 83' lang='lat' dir='ltr'><strong>meo</strong></span> 
     </span>
     <span class='ocr_line' id='line_1_21' title="bbox 274 2562 1409 2652; baseline -0.004 -24"><span class='ocrx_word' id='word_1_184' title='bbox 274 2565 426 2644; x_wconf 83' lang='lat' dir='ltr'><strong>redditur,</strong></span> <span class='ocrx_word' id='word_1_185' title='bbox 448 2565 496 2628; x_wconf 89' lang='lat' dir='ltr'><strong>ita</strong></span> <span class='ocrx_word' id='word_1_186' title='bbox 518 2569 555 2629; x_wconf 93' lang='lat' dir='ltr'><strong>ut</strong></span> <span class='ocrx_word' id='word_1_187' title='bbox 577 2564 698 2630; x_wconf 88' lang='lat' dir='ltr'><strong>nullam</strong></span> <span class='ocrx_word' id='word_1_188' title='bbox 721 2566 798 2630; x_wconf 89' lang='lat' dir='ltr'><strong>meis</strong></span> <span class='ocrx_word' id='word_1_189' title='bbox 821 2566 972 2632; x_wconf 84' lang='lat' dir='ltr'><strong>membris</strong></span> <span class='ocrx_word' id='word_1_190' title='bbox 988 2565 1126 2652; x_wconf 89' lang='lat' dir='ltr'><strong>quietem</strong></span> <span class='ocrx_word' id='word_1_191' title='bbox 1151 2567 1218 2631; x_wconf 87' lang='lat' dir='ltr'><strong>eius</strong></span> <span class='ocrx_word' id='word_1_192' title='bbox 1241 2562 1409 2648; x_wconf 86' lang='lat' dir='ltr'><strong>placidissi-</strong></span> 
     </span>
     <span class='ocr_line' id='line_1_22' title="bbox 273 2669 1411 2757; baseline -0.002 -23"><span class='ocrx_word' id='word_1_193' title='bbox 273 2691 343 2734; x_wconf 90' lang='lat' dir='ltr'><strong>mus</strong></span> <span class='ocrx_word' id='word_1_194' title='bbox 366 2674 488 2754; x_wconf 83' lang='lat' dir='ltr'><strong>prestet</strong></span> <span class='ocrx_word' id='word_1_195' title='bbox 503 2670 618 2748; x_wconf 91' lang='lat' dir='ltr'><strong>cultus,</strong></span> <span class='ocrx_word' id='word_1_196' title='bbox 642 2672 723 2736; x_wconf 89' lang='lat' dir='ltr'><strong>unde</strong></span> <span class='ocrx_word' id='word_1_197' title='bbox 743 2693 851 2738; x_wconf 86' lang='lat' dir='ltr'><strong>sensus</strong></span> <span class='ocrx_word' id='word_1_198' title='bbox 876 2673 957 2751; x_wconf 90' lang='lat' dir='ltr'><strong>ebet,</strong></span> <span class='ocrx_word' id='word_1_199' title='bbox 981 2672 1146 2757; x_wconf 89' lang='lat' dir='ltr'><strong>appetitus</strong></span> <span class='ocrx_word' id='word_1_200' title='bbox 1160 2693 1236 2738; x_wconf 92' lang='lat' dir='ltr'><strong>vero</strong></span> <span class='ocrx_word' id='word_1_201' title='bbox 1251 2669 1411 2756; x_wconf 87' lang='lat' dir='ltr'><strong>aliquando</strong></span> 
     </span>
     <span class='ocr_line' id='line_1_23' title="bbox 273 2765 1413 2864; baseline -0.002 -25"><span class='ocrx_word' id='word_1_202' title='bbox 273 2775 437 2860; x_wconf 86' lang='lat' dir='ltr'><strong>obtorpet,</strong></span> <span class='ocrx_word' id='word_1_203' title='bbox 470 2776 576 2840; x_wconf 83' lang='lat' dir='ltr'><strong>sencio</strong></span> <span class='ocrx_word' id='word_1_204' title='bbox 603 2775 698 2840; x_wconf 90' lang='lat' dir='ltr'><strong>aliam</strong></span> <span class='ocrx_word' id='word_1_205' title='bbox 723 2799 829 2843; x_wconf 89' lang='lat' dir='ltr'><strong>amare</strong></span> <span class='ocrx_word' id='word_1_206' title='bbox 852 2801 903 2842; x_wconf 92' lang='lat' dir='ltr'><strong>me</strong></span> <span class='ocrx_word' id='word_1_207' title='bbox 925 2765 988 2843; x_wconf 91' lang='lat' dir='ltr'><strong>non</strong></span> <span class='ocrx_word' id='word_1_208' title='bbox 1022 2799 1121 2864; x_wconf 86' lang='lat' dir='ltr'><strong>posse.</strong></span> <span class='ocrx_word' id='word_1_209' title='bbox 1168 2776 1340 2842; x_wconf 86' lang='lat' dir='ltr'><strong>Consuevit</strong></span> <span class='ocrx_word' id='word_1_210' title='bbox 1360 2776 1413 2840; x_wconf 84' lang='lat' dir='ltr'><strong>iam</strong></span> 
     </span>
     <span class='ocr_line' id='line_1_24' title="bbox 277 2879 1413 2959; baseline -0.002 -15"><span class='ocrx_word' id='word_1_211' title='bbox 277 2880 400 2945; x_wconf 89' lang='lat' dir='ltr'><strong>animus</strong></span> <span class='ocrx_word' id='word_1_212' title='bbox 426 2879 512 2944; x_wconf 90' lang='lat' dir='ltr'><strong>illam</strong></span> <span class='ocrx_word' id='word_1_213' title='bbox 536 2880 701 2959; x_wconf 85' lang='lat' dir='ltr'><strong>adamare,</strong></span> <span class='ocrx_word' id='word_1_214' title='bbox 735 2886 941 2949; x_wconf 86' lang='lat' dir='ltr'><strong>assueverunt</strong></span> <span class='ocrx_word' id='word_1_215' title='bbox 971 2887 1004 2947; x_wconf 92' lang='lat' dir='ltr'><strong>et</strong></span> <span class='ocrx_word' id='word_1_216' title='bbox 1026 2882 1111 2948; x_wconf 89' lang='lat' dir='ltr'><strong>oculi</strong></span> <span class='ocrx_word' id='word_1_217' title='bbox 1135 2882 1224 2948; x_wconf 90' lang='lat' dir='ltr'><strong>illam</strong></span> <span class='ocrx_word' id='word_1_218' title='bbox 1247 2883 1366 2948; x_wconf 87' lang='lat' dir='ltr'><strong>intueri</strong></span> <span class='ocrx_word' id='word_1_219' title='bbox 1387 2885 1413 2944; x_wconf 90' lang='lat' dir='ltr'><strong>et</strong></span> 
     </span>
     <span class='ocr_line' id='line_1_25' title="bbox 275 2985 1414 3070; baseline 0.004 -19"><span class='ocrx_word' id='word_1_220' title='bbox 275 2985 425 3070; x_wconf 87' lang='lat' dir='ltr'><strong>quicquid</strong></span> <span class='ocrx_word' id='word_1_221' title='bbox 448 3007 510 3050; x_wconf 88' lang='lat' dir='ltr'><strong>nou</strong></span> <span class='ocrx_word' id='word_1_222' title='bbox 535 2985 591 3050; x_wconf 89' lang='lat' dir='ltr'><strong>illa</strong></span> <span class='ocrx_word' id='word_1_223' title='bbox 614 2991 673 3064; x_wconf 91' lang='lat' dir='ltr'><strong>est,</strong></span> <span class='ocrx_word' id='word_1_224' title='bbox 690 2985 870 3052; x_wconf 84' lang='lat' dir='ltr'><strong>inemenum</strong></span> <span class='ocrx_word' id='word_1_225' title='bbox 895 2993 928 3054; x_wconf 93' lang='lat' dir='ltr'><strong>et</strong></span> <span class='ocrx_word' id='word_1_226' title='bbox 953 2988 1154 3054; x_wconf 89' lang='lat' dir='ltr'><strong>tenebrosum</strong></span> <span class='ocrx_word' id='word_1_227' title='bbox 1180 2991 1284 3054; x_wconf 90' lang='lat' dir='ltr'><strong>totum</strong></span> <span class='ocrx_word' id='word_1_228' title='bbox 1312 2987 1414 3055; x_wconf 81' lang='lat' dir='ltr'><strong>iudico.</strong></span> 
     </span>
     <span class='ocr_line' id='line_1_26' title="bbox 273 3090 1415 3178; baseline -0.004 -20"><span class='ocrx_word' id='word_1_229' title='bbox 273 3113 381 3158; x_wconf 82' lang='lat' dir='ltr'><strong>omnes</strong></span> <span class='ocrx_word' id='word_1_230' title='bbox 403 3091 486 3156; x_wconf 91' lang='lat' dir='ltr'><strong>enim</strong></span> <span class='ocrx_word' id='word_1_231' title='bbox 509 3092 607 3156; x_wconf 89' lang='lat' dir='ltr'><strong>animi</strong></span> <span class='ocrx_word' id='word_1_232' title='bbox 625 3090 764 3176; x_wconf 87' lang='lat' dir='ltr'><strong>laqueos,</strong></span> <span class='ocrx_word' id='word_1_233' title='bbox 788 3093 979 3178; x_wconf 88' lang='lat' dir='ltr'><strong>ubicumque</strong></span> <span class='ocrx_word' id='word_1_234' title='bbox 1005 3094 1105 3174; x_wconf 84' lang='lat' dir='ltr'><strong>fuero,</strong></span> <span class='ocrx_word' id='word_1_235' title='bbox 1130 3115 1252 3160; x_wconf 87' lang='lat' dir='ltr'><strong>mecum</strong></span> <span class='ocrx_word' id='word_1_236' title='bbox 1276 3095 1368 3160; x_wconf 85' lang='lat' dir='ltr'><strong>traho</strong></span> <span class='ocrx_word' id='word_1_237' title='bbox 1389 3097 1415 3155; x_wconf 87' lang='lat' dir='ltr'><strong>et</strong></span> 
     </span>
     <span class='ocr_line' id='line_1_27' title="bbox 274 3198 1413 3284; baseline 0.001 -23"><span class='ocrx_word' id='word_1_238' title='bbox 274 3219 448 3284; x_wconf 89' lang='lat' dir='ltr'><strong>quocumqe</strong></span> <span class='ocrx_word' id='word_1_239' title='bbox 470 3218 520 3262; x_wconf 93' lang='lat' dir='ltr'><strong>me</strong></span> <span class='ocrx_word' id='word_1_240' title='bbox 534 3202 634 3277; x_wconf 88' lang='lat' dir='ltr'><strong>verto,</strong></span> <span class='ocrx_word' id='word_1_241' title='bbox 656 3198 781 3264; x_wconf 91' lang='lat' dir='ltr'><strong>vultum</strong></span> <span class='ocrx_word' id='word_1_242' title='bbox 805 3199 871 3264; x_wconf 90' lang='lat' dir='ltr'><strong>eius</strong></span> <span class='ocrx_word' id='word_1_243' title='bbox 892 3219 927 3263; x_wconf 84' lang='lat' dir='ltr'><strong>ac</strong></span> <span class='ocrx_word' id='word_1_244' title='bbox 942 3198 1040 3264; x_wconf 91' lang='lat' dir='ltr'><strong>verba</strong></span> <span class='ocrx_word' id='word_1_245' title='bbox 1062 3199 1279 3284; x_wconf 86' lang='lat' dir='ltr'><strong>contemplare</strong></span> <span class='ocrx_word' id='word_1_246' title='bbox 1294 3199 1413 3284; x_wconf 90' lang='lat' dir='ltr'><strong>incipio,</strong></span> 
     </span>
     <span class='ocr_line' id='line_1_28' title="bbox 274 3302 1411 3388; baseline -0.002 -20"><span class='ocrx_word' id='word_1_247' title='bbox 274 3309 306 3368; x_wconf 89' lang='lat' dir='ltr'><strong>et</strong></span> <span class='ocrx_word' id='word_1_248' title='bbox 327 3304 352 3367; x_wconf 88' lang='lat' dir='ltr'><strong>si</strong></span> <span class='ocrx_word' id='word_1_249' title='bbox 377 3302 565 3388; x_wconf 88' lang='lat' dir='ltr'><strong>quandoque</strong></span> <span class='ocrx_word' id='word_1_250' title='bbox 589 3324 767 3388; x_wconf 83' lang='lat' dir='ltr'><strong>repugnare</strong></span> <span class='ocrx_word' id='word_1_251' title='bbox 790 3303 873 3378; x_wconf 87' lang='lat' dir='ltr'><strong>volo,</strong></span> <span class='ocrx_word' id='word_1_252' title='bbox 897 3305 986 3370; x_wconf 89' lang='lat' dir='ltr'><strong>uncis</strong></span> <span class='ocrx_word' id='word_1_253' title='bbox 1009 3309 1117 3370; x_wconf 87' lang='lat' dir='ltr'><strong>tamen</strong></span> <span class='ocrx_word' id='word_1_254' title='bbox 1141 3307 1350 3372; x_wconf 82' lang='lat' dir='ltr'><strong>tenacissimis</strong></span> <span class='ocrx_word' id='word_1_255' title='bbox 1370 3325 1411 3368; x_wconf 87' lang='lat' dir='ltr'><strong>re·</strong></span> 
     </span>
     <span class='ocr_line' id='line_1_29' title="bbox 274 3407 1411 3494; baseline -0.002 -20"><span class='ocrx_word' id='word_1_256' title='bbox 274 3409 393 3487; x_wconf 88' lang='lat' dir='ltr'><strong>trahor,</strong></span> <span class='ocrx_word' id='word_1_257' title='bbox 419 3409 500 3472; x_wconf 87' lang='lat' dir='ltr'><strong>unde</strong></span> <span class='ocrx_word' id='word_1_258' title='bbox 523 3407 641 3472; x_wconf 89' lang='lat' dir='ltr'><strong>malum</strong></span> <span class='ocrx_word' id='word_1_259' title='bbox 666 3429 771 3472; x_wconf 88' lang='lat' dir='ltr'><strong>meum</strong></span> <span class='ocrx_word' id='word_1_260' title='bbox 794 3409 1013 3494; x_wconf 86' lang='lat' dir='ltr'><strong>undecumque</strong></span> <span class='ocrx_word' id='word_1_261' title='bbox 1029 3410 1228 3478; x_wconf 86' lang='lat' dir='ltr'><strong>circumfero.</strong></span> <span class='ocrx_word' id='word_1_262' title='bbox 1275 3410 1313 3476; x_wconf 92' lang='lat' dir='ltr'><strong>ln</strong></span> <span class='ocrx_word' id='word_1_263' title='bbox 1331 3415 1411 3478; x_wconf 85' lang='lat' dir='ltr'><strong>tants</strong></span> 
     </span>
     <span class='ocr_line' id='line_1_30' title="bbox 273 3515 1410 3604; baseline 0.002 -25"><span class='ocrx_word' id='word_1_264' title='bbox 273 3516 375 3600; x_wconf 80' lang='lat' dir='ltr'><strong>igitur</strong></span> <span class='ocrx_word' id='word_1_265' title='bbox 396 3519 586 3598; x_wconf 81' lang='lat' dir='ltr'><strong>tempestate</strong></span> <span class='ocrx_word' id='word_1_266' title='bbox 602 3515 812 3598; x_wconf 87' lang='lat' dir='ltr'><strong>procellarum</strong></span> <span class='ocrx_word' id='word_1_267' title='bbox 837 3517 1039 3598; x_wconf 86' lang='lat' dir='ltr'><strong>constitutus,</strong></span> <span class='ocrx_word' id='word_1_268' title='bbox 1063 3516 1140 3602; x_wconf 89' lang='lat' dir='ltr'><strong>quid</strong></span> <span class='ocrx_word' id='word_1_269' title='bbox 1157 3517 1272 3582; x_wconf 78' lang='lat' dir='ltr'><strong>faciam</strong></span> <span class='ocrx_word' id='word_1_270' title='bbox 1295 3519 1410 3604; x_wconf 83' lang='lat' dir='ltr'><strong>ignoro,</strong></span> 
     </span>
     <span class='ocr_line' id='line_1_31' title="bbox 273 3621 1477 3709; baseline -0.002 -23"><span class='ocrx_word' id='word_1_271' title='bbox 273 3621 409 3686; x_wconf 88' lang='lat' dir='ltr'><strong>confisus</strong></span> <span class='ocrx_word' id='word_1_272' title='bbox 432 3625 537 3684; x_wconf 88' lang='lat' dir='ltr'><strong>tamen</strong></span> <span class='ocrx_word' id='word_1_273' title='bbox 554 3621 592 3684; x_wconf 90' lang='lat' dir='ltr'><strong>de</strong></span> <span class='ocrx_word' id='word_1_274' title='bbox 616 3626 648 3685; x_wconf 92' lang='lat' dir='ltr'><strong>te</strong></span> <span class='ocrx_word' id='word_1_275' title='bbox 662 3628 825 3706; x_wconf 86' lang='lat' dir='ltr'><strong>tamquam</strong></span> <span class='ocrx_word' id='word_1_276' title='bbox 841 3623 1073 3706; x_wconf 83' lang='lat' dir='ltr'><strong>expertissimo,</strong></span> <span class='ocrx_word' id='word_1_277' title='bbox 1098 3645 1191 3708; x_wconf 87' lang='lat' dir='ltr'><strong>quem</strong></span> <span class='ocrx_word' id='word_1_278' title='bbox 1203 3630 1236 3688; x_wconf 90' lang='grc' dir='ltr'><strong>ει</strong></span> <span class='ocrx_word' id='word_1_279' title='bbox 1250 3621 1412 3709; x_wconf 89' lang='lat' dir='ltr'><strong>aliquando</strong></span> <span class='ocrx_word' id='word_1_280' title='bbox 1476 3655 1477 3660; x_wconf 18' lang='grc' dir='ltr'><strong>κ</strong></span> 
     </span>
    </p>
   </div>
   <div class='ocr_carea' id='block_1_3' title="bbox 262 3724 1414 4514">
    <p class='ocr_par' dir='ltr' id='par_1_3' title="bbox 262 3724 1411 3869">
     <span class='ocr_line' id='line_1_32' title="bbox 262 3724 1411 3812; baseline 0.003 -24"><span class='ocrx_word' id='word_1_281' title='bbox 262 3726 305 3788; x_wconf 75' lang='lat' dir='ltr'><strong>‘in</strong></span> <span class='ocrx_word' id='word_1_282' title='bbox 329 3724 546 3788; x_wconf 81' lang='lat' dir='ltr'><strong>consimilibus</strong></span> <span class='ocrx_word' id='word_1_283' title='bbox 570 3726 722 3792; x_wconf 76' lang='lat' dir='ltr'><strong>militasse</strong></span> <span class='ocrx_word' id='word_1_284' title='bbox 745 3726 844 3806; x_wconf 78' lang='lat' dir='ltr'><strong>scio’,</strong></span> <span class='ocrx_word' id='word_1_285' title='bbox 869 3728 1042 3793; x_wconf 88' lang='lat' dir='ltr'><strong>remedium</strong></span> <span class='ocrx_word' id='word_1_286' title='bbox 1066 3727 1192 3794; x_wconf 88' lang='lat' dir='ltr'><strong>salubre</strong></span> <span class='ocrx_word' id='word_1_287' title='bbox 1215 3729 1346 3812; x_wconf 70' lang='lat' dir='ltr'><strong>flagit03</strong></span> <span class='ocrx_word' id='word_1_288' title='bbox 1369 3749 1411 3792; x_wconf 83' lang='lat' dir='ltr'><strong>sa·</strong></span> 
     </span>
     <span class='ocr_line' id='line_1_33' title="bbox 839 3833 856 3869; baseline 0 0"><span class='ocrx_word' id='word_1_289' title='bbox 839 3833 856 3869; x_wconf 74' lang='lat' dir='ltr'><strong>s</strong></span> 
     </span>
    </p>

    <p class='ocr_par' dir='ltr' id='par_1_4' title="bbox 272 3915 1414 4514">
     <span class='ocr_line' id='line_1_34' title="bbox 344 3915 1414 3988; baseline 0.002 -19"><span class='ocrx_word' id='word_1_290' title='bbox 344 3915 454 3971; x_wconf 88' lang='lat' dir='ltr'><strong>lOben</strong></span> <span class='ocrx_word' id='word_1_291' title='bbox 474 3935 515 3970; x_wconf 91' lang='lat' dir='ltr'><strong>nr.</strong></span> <span class='ocrx_word' id='word_1_292' title='bbox 535 3917 559 3970; x_wconf 77' lang='lat'><strong>7.</strong></span> <span class='ocrx_word' id='word_1_293' title='bbox 610 3918 687 3972; x_wconf 79' lang='lat' dir='ltr'><strong>Auch</strong></span> <span class='ocrx_word' id='word_1_294' title='bbox 714 3919 758 3972; x_wconf 80' lang='lat' dir='ltr'><strong>lilr</strong></span> <span class='ocrx_word' id='word_1_295' title='bbox 783 3917 833 3972; x_wconf 83' lang='lat' dir='ltr'><strong>das</strong></span> <span class='ocrx_word' id='word_1_296' title='bbox 853 3917 982 3988; x_wconf 78' lang='lat' dir='ltr'><strong>folgende</strong></span> <span class='ocrx_word' id='word_1_297' title='bbox 1010 3918 1047 3972; x_wconf 87' lang='lat' dir='ltr'><strong>iat</strong></span> <span class='ocrx_word' id='word_1_298' title='bbox 1065 3915 1143 3973; x_wconf 83' lang='lat' dir='ltr'><strong>Flnea</strong></span> <span class='ocrx_word' id='word_1_299' title='bbox 1161 3916 1263 3976; x_wconf 89' lang='lat' dir='ltr'><strong>Silvios</strong></span> <span class='ocrx_word' id='word_1_300' title='bbox 1289 3919 1414 3975; x_wconf 87' lang='lat' dir='ltr'><strong>liebesno·</strong></span> 
     </span>
     <span class='ocr_line' id='line_1_35' title="bbox 274 4003 1411 4076; baseline -0.002 -18"><span class='ocrx_word' id='word_1_301' title='bbox 274 4006 345 4059; x_wconf 88' lang='lat' dir='ltr'><strong>velle</strong></span> <span class='ocrx_word' id='word_1_302' title='bbox 373 4023 426 4060; x_wconf 83' lang='lat' dir='ltr'><strong>ron</strong></span> <span class='ocrx_word' id='word_1_303' title='bbox 454 4003 584 4060; x_wconf 81' lang='lat' dir='ltr'><strong>Earialns</strong></span> <span class='ocrx_word' id='word_1_304' title='bbox 603 4007 659 4060; x_wconf 87' lang='lat' dir='ltr'><strong>und</strong></span> <span class='ocrx_word' id='word_1_305' title='bbox 685 4005 828 4072; x_wconf 75' lang='lat' dir='ltr'><strong>Lucretia,</strong></span> <span class='ocrx_word' id='word_1_306' title='bbox 862 4007 974 4076; x_wconf 89' lang='lat' dir='ltr'><strong>speciell</strong></span> <span class='ocrx_word' id='word_1_307' title='bbox 1003 4005 1047 4060; x_wconf 91' lang='lat' dir='ltr'><strong>die</strong></span> <span class='ocrx_word' id='word_1_308' title='bbox 1066 4006 1130 4061; x_wconf 86' lang='lat' dir='ltr'><strong>rede</strong></span> <span class='ocrx_word' id='word_1_309' title='bbox 1161 4008 1209 4063; x_wconf 88' lang='lat' dir='ltr'><strong>des</strong></span> <span class='ocrx_word' id='word_1_310' title='bbox 1229 4006 1356 4062; x_wconf 75' lang='lat' dir='ltr'><strong>llnrlalus</strong></span> <span class='ocrx_word' id='word_1_311' title='bbox 1381 4021 1411 4058; x_wconf 90' lang='lat' dir='ltr'><strong>an</strong></span> 
     </span>
     <span class='ocr_line' id='line_1_36' title="bbox 273 4091 1412 4165; baseline 0 -19"><span class='ocrx_word' id='word_1_312' title='bbox 273 4091 418 4157; x_wconf 86' lang='lat' dir='ltr'><strong>Pardalus,</strong></span> <span class='ocrx_word' id='word_1_313' title='bbox 440 4093 576 4149; x_wconf 89' lang='lat' dir='ltr'><strong>teilweise</strong></span> <span class='ocrx_word' id='word_1_314' title='bbox 594 4094 721 4149; x_wconf 82' lang='lat' dir='ltr'><strong>wortlicb</strong></span> <span class='ocrx_word' id='word_1_315' title='bbox 743 4095 865 4151; x_wconf 81' lang='lat' dir='ltr'><strong>benutzt.</strong></span> <span class='ocrx_word' id='word_1_316' title='bbox 902 4091 1012 4150; x_wconf 78' lang='lat' dir='ltr'><strong>llbenso</strong></span> <span class='ocrx_word' id='word_1_317' title='bbox 1041 4093 1090 4148; x_wconf 90' lang='lat' dir='ltr'><strong>der</strong></span> <span class='ocrx_word' id='word_1_318' title='bbox 1107 4093 1205 4165; x_wconf 79' lang='lat' dir='ltr'><strong>dialog</strong></span> <span class='ocrx_word' id='word_1_319' title='bbox 1222 4095 1270 4149; x_wconf 89' lang='lat' dir='ltr'><strong>des</strong></span> <span class='ocrx_word' id='word_1_320' title='bbox 1289 4094 1412 4152; x_wconf 81' lang='lat' dir='ltr'><strong>Petrarm</strong></span> 
     </span>
     <span class='ocr_line' id='line_1_37' title="bbox 273 4180 1414 4252; baseline 0 -18"><span class='ocrx_word' id='word_1_321' title='bbox 273 4182 291 4235; x_wconf 91' lang='lat' dir='ltr'><strong>l.</strong></span> <span class='ocrx_word' id='word_1_322' title='bbox 311 4199 331 4236; x_wconf 91' lang='lat' dir='ltr'><strong>s.</strong></span> <span class='ocrx_word' id='word_1_323' title='bbox 351 4199 373 4237; x_wconf 82' lang='lat' dir='ltr'><strong>c</strong></span> <span class='ocrx_word' id='word_1_324' title='bbox 391 4182 461 4251; x_wconf 86' lang='lat' dir='ltr'><strong>Opp.</strong></span> <span class='ocrx_word' id='word_1_325' title='bbox 480 4183 532 4238; x_wconf 79' lang='lat'><strong>404</strong></span> <span class='ocrx_word' id='word_1_326' title='bbox 552 4181 578 4236; x_wconf 83' lang='lat' dir='ltr'><strong>ff.</strong></span> <span class='ocrx_word' id='word_1_327' title='bbox 669 4183 686 4236; x_wconf 76' lang='lat'>2</span> <span class='ocrx_word' id='word_1_328' title='bbox 705 4183 724 4235; x_wconf 82' lang='lat' dir='ltr'><strong>l.</strong></span> <span class='ocrx_word' id='word_1_329' title='bbox 743 4183 795 4238; x_wconf 78' lang='lat'><strong>200</strong></span> <span class='ocrx_word' id='word_1_330' title='bbox 813 4182 925 4252; x_wconf 77' lang='lat' dir='ltr'><strong>elnlage</strong></span> <span class='ocrx_word' id='word_1_331' title='bbox 945 4183 973 4238; x_wconf 87' lang='lat' dir='ltr'><strong>in</strong></span> <span class='ocrx_word' id='word_1_332' title='bbox 994 4199 1073 4238; x_wconf 83' lang='lat' dir='ltr'><strong>verso</strong></span> <span class='ocrx_word' id='word_1_333' title='bbox 1092 4183 1180 4240; x_wconf 84' lang='lat' dir='ltr'><strong>findet</strong></span> <span class='ocrx_word' id='word_1_334' title='bbox 1198 4181 1255 4237; x_wconf 89' lang='lat' dir='ltr'><strong>sich</strong></span> <span class='ocrx_word' id='word_1_335' title='bbox 1274 4183 1321 4240; x_wconf 86' lang='lat' dir='ltr'><strong>ein</strong></span> <span class='ocrx_word' id='word_1_336' title='bbox 1340 4180 1414 4238; x_wconf 81' lang='lat' dir='ltr'><strong>brial·</strong></span> 
     </span>
     <span class='ocr_line' id='line_1_38' title="bbox 272 4267 1412 4340; baseline -0.002 -16"><span class='ocrx_word' id='word_1_337' title='bbox 272 4271 389 4340; x_wconf 86' lang='lat' dir='ltr'><strong>concept</strong></span> <span class='ocrx_word' id='word_1_338' title='bbox 411 4269 584 4332; x_wconf 85' lang='lat' dir='ltr'><strong>Hermanns,</strong></span> <span class='ocrx_word' id='word_1_339' title='bbox 603 4267 728 4326; x_wconf 86' lang='lat' dir='ltr'><strong>offenbar</strong></span> <span class='ocrx_word' id='word_1_340' title='bbox 753 4269 890 4326; x_wconf 81' lang='lat' dir='ltr'><strong>ebenl&#39;alls</strong></span> <span class='ocrx_word' id='word_1_341' title='bbox 915 4288 952 4326; x_wconf 86' lang='lat' dir='ltr'><strong>aa</strong></span> <span class='ocrx_word' id='word_1_342' title='bbox 972 4269 1105 4328; x_wconf 88' lang='lat' dir='ltr'><strong>Wilhelm</strong></span> <span class='ocrx_word' id='word_1_343' title='bbox 1139 4287 1191 4326; x_wconf 84' lang='lat' dir='ltr'><strong>von</strong></span> <span class='ocrx_word' id='word_1_344' title='bbox 1209 4269 1372 4334; x_wconf 86' lang='lat' dir='ltr'><strong>Reichenau,</strong></span> <span class='ocrx_word' id='word_1_345' title='bbox 1389 4267 1412 4324; x_wconf 90' lang='lat' dir='ltr'><strong>in</strong></span> 
     </span>
     <span class='ocr_line' id='line_1_39' title="bbox 273 4353 1414 4427; baseline 0.006 -18"><span class='ocrx_word' id='word_1_346' title='bbox 273 4355 336 4410; x_wconf 89' lang='lat' dir='ltr'><strong>dem</strong></span> <span class='ocrx_word' id='word_1_347' title='bbox 355 4373 383 4410; x_wconf 91' lang='lat' dir='ltr'><strong>es</strong></span> <span class='ocrx_word' id='word_1_348' title='bbox 401 4354 500 4410; x_wconf 87' lang='lat' dir='ltr'><strong>heisst:</strong></span> <span class='ocrx_word' id='word_1_349' title='bbox 524 4353 638 4410; x_wconf 80' lang='lat' dir='ltr'><strong>»Scribis</strong></span> <span class='ocrx_word' id='word_1_350' title='bbox 658 4357 769 4422; x_wconf 85' lang='lat' dir='ltr'><strong>deinde,</strong></span> <span class='ocrx_word' id='word_1_351' title='bbox 782 4363 811 4412; x_wconf 85' lang='lat' dir='ltr'><strong>te</strong></span> <span class='ocrx_word' id='word_1_352' title='bbox 823 4359 862 4411; x_wconf 92' lang='lat' dir='ltr'><strong>ab</strong></span> <span class='ocrx_word' id='word_1_353' title='bbox 875 4376 917 4422; x_wconf 90' lang='lat' dir='ltr'><strong>ea,</strong></span> <span class='ocrx_word' id='word_1_354' title='bbox 935 4375 1021 4427; x_wconf 89' lang='lat' dir='ltr'><strong>quam</strong></span> <span class='ocrx_word' id='word_1_355' title='bbox 1034 4358 1187 4427; x_wconf 88' lang='lat' dir='ltr'><strong>aliquando</strong></span> <span class='ocrx_word' id='word_1_356' title='bbox 1201 4357 1280 4414; x_wconf 86' lang='lat' dir='ltr'><strong>unice</strong></span> <span class='ocrx_word' id='word_1_357' title='bbox 1292 4354 1414 4416; x_wconf 73' lang='lat' dir='ltr'><strong>dilexisti.</strong></span> 
     </span>
     <span class='ocr_line' id='line_1_40' title="bbox 273 4443 1411 4514; baseline 0.001 -16"><span class='ocrx_word' id='word_1_358' title='bbox 273 4445 400 4498; x_wconf 84' lang='lat' dir='ltr'><strong>delusum</strong></span> <span class='ocrx_word' id='word_1_359' title='bbox 420 4461 485 4508; x_wconf 87' lang='lat' dir='ltr'><strong>esse,</strong></span> <span class='ocrx_word' id='word_1_360' title='bbox 504 4443 643 4499; x_wconf 87' lang='lat' dir='ltr'><strong>adiunctis</strong></span> <span class='ocrx_word' id='word_1_361' title='bbox 660 4443 733 4514; x_wconf 87' lang='lat' dir='ltr'><strong>alijs‚</strong></span> <span class='ocrx_word' id='word_1_362' title='bbox 753 4444 836 4499; x_wconf 85' lang='lat' dir='ltr'><strong>sicuti</strong></span> <span class='ocrx_word' id='word_1_363' title='bbox 848 4463 907 4501; x_wconf 86' lang='lat' dir='ltr'><strong>mos</strong></span> <span class='ocrx_word' id='word_1_364' title='bbox 927 4449 968 4499; x_wconf 89' lang='lat' dir='ltr'><strong>est</strong></span> <span class='ocrx_word' id='word_1_365' title='bbox 982 4447 1093 4513; x_wconf 84' lang='lat' dir='ltr'><strong>talium,</strong></span> <span class='ocrx_word' id='word_1_366' title='bbox 1113 4447 1141 4500; x_wconf 88' lang='lat' dir='ltr'><strong>te</strong></span> <span class='ocrx_word' id='word_1_367' title='bbox 1155 4449 1185 4500; x_wconf 89' lang='lat' dir='ltr'><strong>ut</strong></span> <span class='ocrx_word' id='word_1_368' title='bbox 1204 4446 1292 4500; x_wconf 87' lang='lat' dir='ltr'><strong>credis</strong></span> <span class='ocrx_word' id='word_1_369' title='bbox 1311 4447 1347 4500; x_wconf 87' lang='lat' dir='ltr'><strong>ab</strong></span> <span class='ocrx_word' id='word_1_370' title='bbox 1358 4446 1411 4514; x_wconf 77' lang='lat' dir='ltr'><strong>ipa</strong></span> 
     </span>
    </p>
   </div>
   <div class='ocr_carea' id='block_1_4' title="bbox 0 0 1506 5061">
    <p class='ocr_par' dir='ltr' id='par_1_5' title="bbox 0 0 1506 5061">
     <span class='ocr_line' id='line_1_41' title="bbox 0 0 1506 5061; baseline 0 0"><span class='ocrx_word' id='word_1_371' title='bbox 0 0 1506 5061; x_wconf 95' lang='lat' dir='ltr'><strong> </strong></span> 
     </span>
    </p>
   </div>
  </div>
 </body>
</html>
