2990 5068
631 421 699 486 153

170 603 416 689 Consequentur
437 597 564 663 subdis:
592 595 668 662 »Nil
692 597 815 662 dulcius
840 601 896 662 aut
912 597 1076 664 iocundius
1099 601 1236 688 solleio)

67 709 208 774 homini
232 705 401 794 prospicio,
437 723 531 788 quani
563 702 656 768 deum
680 701 814 787 diligere
848 707 881 768 et
903 725 935 768 se
967 705 1148 790 mancipare
1171 708 1238 774 eius

65 813 246 897 eervicijse
272 818 332 878 eta.
378 806 517 886 Verum,
540 807 642 873 frater
664 807 835 887 carissime,
858 808 1038 891 diligendus
1070 818 1118 877 est
1151 835 1237 878 sum-

67 941 128 982 me
143 919 181 1002 (l)
206 919 293 996 deus,
318 915 395 1002 quia
417 914 519 979 bonus
542 916 608 992 est,
629 935 736 999 ymmo
759 913 885 978 infinite
908 913 1008 980 bonus
1031 921 1081 982 est
1102 922 1135 983 et
1158 918 1238 998 ideo,

68 1023 100 1088 ai
129 1024 230 1088 nobis
248 1027 330 1088 esset
346 1018 507 1104 possibile,
523 1017 649 1082 infinite
669 1039 689 1082 a
709 1018 800 1083 nobis
815 1017 995 1104 diligendus
1011 1027 1102 1103 esset,
1125 1026 1158 1088 et
1174 1045 1237 1090 non

67 1133 188 1212 potest
211 1147 279 1194 esse
303 1145 456 1202 excessus,
477 1123 531 1187 sed
547 1127 667 1208 quauta
700 1122 773 1207 plus
795 1123 943 1208 diligitur
963 1125 1050 1205 deus,
1073 1132 1165 1193 tanto
1188 1129 1235 1194 di-

68 1234 180 1300 lectio
203 1237 252 1298 eet
276 1230 397 1296 melior.
443 1229 511 1308 lar,
532 1229 672 1315 iuquam,
696 1229 886 1315 diligendus,
910 1233 986 1318 quia
1011 1233 1100 1317 prior
1125 1235 1238 1302 dilexit

71 1361 138 1403 uos
171 1343 207 1403 et
238 1337 313 1422 plus
344 1358 442 1421 quarn
473 1357 531 1402 nos
560 1336 622 1420 ipsi
654 1335 825 1421 diligamus
847 1338 1079 1405 uos....Est
1101 1341 1237 1427 denique

71 1443 277 1528 diligendus,
301 1440 376 1526 quia
391 1445 492 1526 pater,
508 1447 643 1520 creator,
659 1441 858 1526 gubernator
872 1448 905 1507 et
923 1443 1105 1529 redemptor
1119 1451 1237 1512 noster.

73 1549 152 1614 Hoc
176 1547 296 1614 clamat
317 1546 370 1612 lex
391 1567 482 1626 nova,
510 1550 681 1612 attestatur
711 1551 744 1612 et
767 1547 909 1632 antiqua,
932 1550 1103 1615 coneordat
1125 1556 1158 1616 et
1180 1575 1236 1636 pa·

72 1657 198 1740 granica
213 1699 372 1721 .......
390 1649 424 1738 [f.
439 1651 519 1735 274]
534 1650 654 1716 Deinde
669 1651 847 1736 subiungis,
864 1653 945 1718 bone
959 1652 1151 1735 Hermanno,
1169 1657 1239 1737 hec,

71 1783 142 1846 que
156 1763 337 1845 sequuntur
353 1757 471 1822 rerba:
500 1756 615 1834 »Audi,
630 1777 754 1840 precor,
771 1757 846 1842 quid
864 1755 1050 1824 Franciacus
1063 1758 1238 1828 Petrarcha

73 1867 116 1932 de
134 1865 348 1950 incomposite
359 1862 395 1949 (l)
411 1862 477 1927 vite
493 1862 731 1946 perseverancia
746 1860 869 1940 scribit,
885 1863 923 1928 de
939 1864 1040 1944 malis,
1057 1887 1118 1950 que
1133 1866 1167 1932 in
1182 1890 1235 1932 ur·

74 1972 178 2038 bibus
191 1971 286 2049 liunt,
302 1989 364 2054 que
379 1989 430 2032 me
445 1971 478 2031 et
496 1971 527 2031 te
543 1987 580 2032 ae
595 1966 773 2052 quemlibet
791 1968 898 2033 eodem
921 1970 1114 2054 aspirantem
1130 1973 1238 2040 animo

73 2077 119 2142 ab
152 2075 250 2141 huius
282 2073 392 2139 muudi
420 2071 618 2137 vanitatibus
647 2073 763 2138 merito
793 2074 1030 2154 retraherent,‹
1066 2080 1099 2142 et
1131 2077 1238 2145 infra:

75 2180 193 2246 »Rure
216 2179 328 2246 habita
350 2184 431 2244 etue
449 2177 471 2241 ¹.
520 2175 632 2242 Frater
656 2176 712 2258 mi,
735 2175 837 2256 volve,
859 2176 1001 2258 revolve,
1025 2179 1106 2264 gira,
1131 2181 1238 2266 regira

74 2289 115 2352 de
140 2285 277 2371 pedibus
299 2285 336 2350 ad
361 2285 525 2361 verticem,
551 2283 590 2348 de
613 2286 725 2347 ventre
745 2283 784 2348 ad
799 2283 929 2348 dorsum
953 2286 1163 2369 utnusquam
1188 2286 1237 2350 in·

75 2392 189 2457 venies
213 2391 365 2474 requiem,
388 2389 486 2454 donec
511 2387 653 2454 invenies
666 2386 830 2453 Christum
845 2388 937 2454 iuxta
959 2387 1042 2453 illud
1063 2389 1236 2474 Augustini

75 2495 253 2582 dyaleetici
276 2494 477 2560 subtilissimi
500 2493 533 2558 in
556 2493 788 2559 confessionum
806 2493 916 2558 libris:
944 2492 1108 2575 »Domine
1132 2496 1235 2563 fecisti

76 2625 139 2668 nos
163 2607 241 2679 ate,
264 2601 335 2666 ideo
351 2599 530 2684 inquietum
554 2603 602 2664 est
623 2621 677 2665 cor
701 2601 856 2677 nostrum,
882 2599 980 2664 donec
1001 2601 1179 2685 requiescat
1201 2605 1234 2668 in

76 2711 131 2772 te«
162 2711 196 2772 et
218 2704 384 2791 psalmista
407 2706 558 2771 verbum:
598 2704 787 2784 ›Saciabor,
821 2727 891 2770 cam
920 2707 1107 2791 apparuerit
1130 2709 1233 2795 gloria

75 2819 156 2878 tua«
175 2810 200 2878 ¹.
246 2809 367 2876 Verum
384 2809 548 2876 Johanncs
572 2809 626 2875 ille
651 2810 811 2895 baptista,
840 2810 961 2876 domiui
984 2834 1079 2896 preco
1109 2818 1142 2879 et
1156 2836 1236 2900 pon·

75 2917 176 2982 tilicis
199 2915 285 2981 filius
308 2937 365 2980 nec
390 2913 500 2981 matris
531 2913 647 2980 affeetu
678 2935 736 2978 nec
777 2914 879 2998 patris
902 2906 1016 2999 opibu's
1040 2917 1236 2998 vincebatur,

77 3028 116 3088 ut
142 3022 176 3086 iu
193 3022 288 3087 domo
303 3042 375 3086 cum
390 3019 532 3105 periculo
549 3019 670 3086 viveret
686 3019 854 3084 castitatis.
903 3019 1043 3087 Vivebat
1059 3023 1091 3087 in
1108 3023 1236 3090 heremo

77 3148 157 3193 usus
177 3127 251 3192 cibo
273 3126 469 3210 parcissimo.
515 3123 567 3189 Sic
600 3122 703 3189 fecere
726 3123 834 3208 plures
860 3125 960 3190 eciam
987 3127 1112 3211 antiqui
1138 3133 1236 3194 testa·

78 3233 182 3298 menti
207 3237 316 3317 patres
339 3232 557 3310 attendentes,
594 3230 677 3315 quod
701 3229 776 3294 talis
799 3229 940 3295 eflicitur
963 3230 1068 3312 home,
1093 3233 1235 3317 qualium

78 3338 236 3404 societate
259 3337 389 3417 fruitur,
412 3337 497 3402 unde
518 3335 717 3402 beatissimus
739 3335 794 3400 ille
813 3334 996 3402 Jeronimue
1019 3338 1105 3403 inter
1128 3344 1236 3423 patres

79 3443 361 3528 eloquentissimus
400 3441 494 3508 dicit:
547 3439 643 3506 »Plus
679 3463 775 3526 qaam
799 3442 984 3528 inpossibile
1016 3449 1105 3527 putu,
1133 3445 1236 3511 sirum

81 3549 207 3615 diucius
233 3548 265 3613 iu
289 3548 381 3613 bonis
397 3567 583 3631 permanere
599 3545 759 3630 operibus,
783 3546 838 3631 qui
859 3547 1018 3614 malorum
1034 3549 1160 3615 assidua
1182 3572 1233 3616 so·

84 3655 203 3718 cietate
227 3653 341 3734 utitur,
362 3673 435 3718 aum
458 3656 587 3718 sanetus
610 3650 778 3736 psalmista
798 3651 969 3719 vociferat:
995 3653 1093 3720 »Cum
1117 3658 1236 3723 sanctis

82 3763 212 3825 sauctus
234 3759 297 3822 eris
319 3763 398 3822 etc«
434 3755 519 3838 Ideo,
547 3756 602 3843 qui
626 3757 743 3823 bonam
766 3756 948 3823 societatem
973 3759 1108 3838 invenit,
1136 3761 1235 3827 ritem

83 3864 208 3930 invenit
229 3866 262 3928 et
285 3862 410 3947 divicijs
433 3862 548 3929 affluit.
601 3861 703 3928 Verso
731 3860 883 3928 mantello
915 3885 979 3929 non
1008 3870 1056 3930 est
1077 3866 1235 3950 optimum

84 3971 115 4034 in
151 3989 229 4034 rure
250 3989 306 4035 scu
338 3968 468 4036 heremo
494 3968 657 4048 habitare,
689 3968 765 4053 quia
789 3968 821 4032 in
848 3967 1069 4035 Ecclesiastico
1100 3971 1236 4055 legimus

86 4097 111 4141 c.
128 4075 197 4160 iiij:
220 4073 288 4140 »Ve
311 4075 381 4156 soli,
406 4075 482 4161 quia
506 4095 577 4141 eum
592 4073 781 4152 accederint,
802 4095 865 4140 non
882 4073 1002 4141 habent
1017 4076 1235 4142 sublevantem

83 4203 147 4248 ser.
194 4179 341 4266 Denique
364 4181 396 4246 in
423 4178 554 4246 Matheo
577 4200 602 4245 c.
630 4179 652 4244 4
680 4178 822 4263 legitur,
855 4177 1015 4246 Christum
1050 4181 1086 4246 in
1109 4182 1233 4248 deserte

83 4289 286 4372 temptatum.
325 4285 399 4352 Ideo
421 4285 560 4370 undique
585 4285 678 4366 bella,
701 4286 802 4352 eciam
816 4287 849 4350 in
866 4284 955 4352 cella.
973 4284 1009 4369 [f.
1034 4284 1125 4374 27422]
1143 4285 1223 4363 Quin

648 4417 667 4454 s

153 4503 167 4558 1
188 4503 245 4556 Aur
263 4501 326 4558 dem
347 4501 551 4558 Petrarcacitat
569 4503 640 4561 oben
659 4520 679 4557 s.
701 4503 771 4558 137¹.
843 4502 973 4560 2Psu1m
995 4503 1033 4567 16,
1056 4503 1096 4556 15.
