2990 5068
632 417 693 480 135

69 593 242 677 incompui
266 595 360 656 nocte
384 590 531 655 texueris.
577 588 679 654 Credo
703 595 781 654 tuuc
815 588 847 653 in
872 590 966 655 corde
981 593 1038 656 tuo
1053 595 1085 656 te
1107 590 1238 656 dixisse:

73 698 264 783 »iusipiens
287 719 350 763 uon
374 699 423 762 est
440 697 526 775 deus,
550 717 607 762 nec
624 699 673 760 est
691 695 791 760 alcius
806 695 1044 780 aspirandum«
1091 695 1151 761 Sed
1168 718 1239 762 cum

68 803 146 870 alte
173 808 280 869 ruente
295 803 445 888 teipsam
470 801 676 886 dyslecticsrn
709 800 855 867 didicisse
875 800 1035 866 laudabile
1053 802 1240 886 suspiceres,

69 909 105 974 in
132 931 176 974 ss
199 914 306 974 tamen
329 929 491 974 senescere
513 907 637 991 puerile
659 907 729 972 fore
744 907 907 972 indicabas
929 911 962 973 et
977 907 1061 973 vium
1075 928 1151 986 esse,
1174 928 1238 973 nou

69 1015 268 1092 terminum,
292 1013 353 1078 nisi
377 1013 557 1078 errantibus
575 1017 608 1078 et
630 1012 730 1098 vagis,
755 1012 871 1098 quibus
888 1011 996 1078 nullus
1012 1016 1062 1078 est
1075 1012 1142 1078 vite
1163 1033 1238 1096 por·

70 1126 140 1198 tus,
166 1120 229 1186 tibi
253 1118 443 1184 nobiliorem
465 1118 640 1184 terminum
672 1121 835 1203 temquem
867 1138 932 1183 nou
955 1117 1086 1183 babenti
1110 1117 1238 1202 elegisti

68 1231 104 1290 et
132 1231 169 1292 te
193 1225 292 1290 eserie
314 1223 487 1290 senonibus
523 1227 556 1288 et
578 1223 703 1309 legibus
725 1223 945 1309 imperialibus
968 1222 1153 1306 alumpnum
1171 1228 1238 1288 tra-

70 1331 205 1409 didisti,
228 1329 310 1396 lucri
333 1349 438 1407 ceusu,
463 1333 500 1394 nt
515 1349 596 1408 reor,
620 1331 703 1413 quod
728 1333 776 1393 est
797 1328 965 1414 ydolorum
987 1329 1134 1408 servitus,
1157 1331 1239 1394 teste

69 1433 254 1520 apostolo¹
280 1439 322 1514 et,
355 1439 392 1498 ut
410 1434 515 1500 verbis
537 1434 602 1499 tuis
625 1438 716 1512 utar,
752 1437 789 1498 ut
810 1433 892 1498 inibi
914 1433 1048 1499 disceres
1071 1434 1142 1499 iure
1164 1455 1236 1518 per·

70 1547 215 1620 vertere,
238 1541 312 1606 lites
330 1541 493 1620 suscitem,
515 1539 747 1606 transactiones
763 1539 951 1618 rescindere,
975 1537 1144 1604 veritatem
1160 1538 1235 1604 sub-

71 1647 220 1730 primere
251 1648 293 1724 et,
317 1645 491 1731 equitatem
515 1646 669 1710 vendere«
689 1642 713 1710 ².
759 1644 862 1710 Miror
883 1644 966 1711 unde
988 1644 1050 1709 tibi
1073 1648 1166 1710 tenta
1188 1649 1237 1709 te·

71 1752 213 1818 meritas
235 1750 391 1830 evenerit,
424 1754 462 1816 ut
484 1755 574 1816 tuem
597 1750 698 1834 ipsam
722 1748 929 1830 fucultatem,
963 1750 997 1814 iu
1020 1771 1083 1834 qus
1105 1755 1138 1814 te
1161 1770 1235 1833 prn-

71 1857 197 1922 iessum
221 1857 306 1934 scio,
339 1855 464 1938 iniurijs
496 1854 597 1920 tantis
627 1853 796 1919 conviciari
829 1855 952 1919 audeus.
1007 1852 1066 1920 cui
1097 1855 1123 1919 si
1146 1853 1235 1938 loqui

70 1961 220 2040 deretur,
244 1983 302 2027 sue
323 1960 506 2026 defensione
530 1959 813 2043 calumpniatorum
825 1959 874 2023 sui
890 1962 925 2024 te
942 1963 1095 2044 urgueret
1114 1963 1146 2025 et
1170 1979 1235 2024 uon

70 2067 250 2146 immerito,
273 2087 344 2131 cum
374 2069 406 2130 te
429 2087 448 2129 e
470 2067 559 2129 terre
580 2085 638 2128 sua
660 2063 819 2148 dignitate
834 2064 996 2142 extulerit,
1020 2063 1232 2148 ingratitudi-

71 2172 124 2236 nis
149 2170 188 2256 [f.
213 2169 292 2256 263]
317 2171 398 2236 vicio
421 2169 538 2234 merito
561 2168 601 2233 ab
623 2169 695 2252 ipsa
716 2168 958 2253 inculpereris⁸.

167 2274 282 2342 Postea
311 2273 534 2352 memineris‘,
566 2273 730 2358 figmentis
761 2278 928 2358 poetarum
962 2279 996 2340 te
1018 2272 1177 2339 adhesisss
1200 2279 1233 2338 et

71 2405 147 2448 cnm
176 2383 271 2446 besto
294 2378 461 2445 Jeronimo
483 2377 666 2445 Ciceronem
689 2379 765 2445 olim
790 2385 823 2444 te
843 2380 1025 2464 penitencie
1047 2399 1132 2445 nnnc
1154 2377 1232 2444 duc·

73 2491 145 2554 tum
171 2486 298 2572 legisse.
345 2485 496 2550 Arbitror
512 2506 582 2571 ego,
605 2487 632 2550 si
648 2506 686 2550 eo
710 2485 813 2564 modo,
837 2507 900 2571 quo
916 2483 1232 2564 beetusJerouimus,

72 2592 281 2678 Augustinus
315 2592 476 2676 ceterique
510 2591 661 2656 estbolici
704 2591 848 2658 doctores
876 2589 1058 2658 Ciceronem
1090 2590 1231 2674 legisses,

72 2697 210 2763 minime
233 2696 393 2762 ducereris
416 2696 605 2780 penitentia.
651 2695 705 2781 Hij
731 2697 814 2762 euim
837 2719 901 2764 uon
926 2698 1135 2783 dignitatem,
1169 2716 1230 2760 non

72 2801 412 2888 amplitudinem(qne)
435 2803 601 2882 maiorum,
626 2823 690 2868 nou
712 2803 854 2886 corporis
875 2803 970 2882 vires,
994 2823 1058 2868 nou
1081 2802 1228 2882 formem,

72 2929 137 2973 uon
162 2907 429 2992 magnitudinem,
452 2929 515 2973 non
539 2929 558 2972 u
580 2910 703 2974 cunctis
728 2909 910 2974 bominibus
932 2908 1061 2974 habitos
1084 2907 1230 2987 bonores,

72 3035 137 3079 nou
163 3013 270 3095 ipsum
302 3013 492 3097 imperinm,
527 3034 591 3079 nou
624 3014 776 3101 quicquid
805 3015 867 3080 dici
896 3017 1000 3098 potest
1022 3015 1056 3078 iu
1080 3013 1139 3078 bec
1161 3014 1231 3079 rita

71 3117 232 3184 excellens
254 3118 320 3182 suis
341 3119 554 3185 ornatissimis
582 3119 846 3206 politissimisqne
858 3120 1013 3186 doctrinis
1030 3119 1226 3205 quesierunt,

71 3224 125 3288 sed
149 3222 262 3307 pocius
284 3245 321 3288 ec
343 3223 382 3289 ad
405 3224 538 3290 ulterius
561 3226 629 3290 vite
649 3227 909 3310 preparsciouem
928 3225 1005 3290 totis
1029 3225 1150 3290 viribus
1172 3245 1229 3308 op-

73 3328 172 3394 tanda
196 3329 419 3414 querendoque
441 3351 507 3396 esse
535 3330 788 3397 arbitrabuntur.
839 3329 922 3395 Nem
950 3331 989 3394 sd
1012 3329 1143 3394 huiusce
1165 3329 1231 3395 vite

72 3433 335 3518 preparecionem
369 3440 401 3500 et
433 3434 537 3519 poetis
560 3440 593 3500 et
624 3437 822 3516 oratoribus,
851 3435 1060 3519 scriptoribus
1091 3435 1228 3518 denique

71 3539 189 3604 ceteris
211 3537 420 3604 inherendum
443 3546 645 3620 censuerunt,
672 3542 755 3607 uude
779 3542 869 3608 nobis
895 3539 963 3628 [ad]
992 3540 1113 3625 ingeuij
1139 3561 1228 3605 exer·

71 3645 260 3711 citscionem
284 3645 392 3730 aliqua
407 3645 450 3710 sit
465 3665 630 3711 sccessurs
652 3648 791 3724 utilitss,
814 3647 914 3713 reluti
932 3647 988 3730 hij,
1012 3646 1226 3733 quisstiugunt,

72 3773 142 3817 curn
168 3749 276 3834 primo
305 3751 493 3834 quibusdam
527 3752 630 3817 modis
657 3753 710 3831 id,
745 3755 828 3840 quod
861 3754 999 3820 colorem
1024 3758 1226 3837 recepturum

71 3859 123 3936 sit,
148 3860 341 3940 prepsrsut,
374 3861 485 3939 postes
508 3855 619 3922 florem
642 3859 907 3942 superinducunt,
940 3859 1007 3924 sive
1029 3880 1227 3944 purpureum

638 3993 659 4032 ’b

144 4084 156 4136 l
179 4081 221 4135 lm
241 4081 356 4149 concept
370 4079 462 4150 iolgte
481 4081 542 4136 bier
561 4084 758 4154 ursprdnglich
777 4085 867 4156 [daun
881 4085 1117 4156 durebetricben1:
1140 4083 1225 4139 »Cum

72 4171 164 4240 pocius
192 4169 284 4238 ipsam
304 4167 475 4236 theologiam
494 4185 604 4225 sscrcm
617 4171 654 4242 (l),
685 4173 714 4226 iu
733 4191 789 4242 que
813 4174 950 4237 professus
976 4173 1005 4226 iu
1040 4171 1225 4227 rruiversitste

74 4259 163 4313 luens
182 4253 337 4326 Lipczeusi,
357 4253 508 4324 diguitatis
526 4259 685 4314 reverencie
704 4259 886 4314 insudarem«
958 4260 975 4312 2
995 4258 1058 4328 Vgl.
1079 4259 1223 4320 Petrsrca.

72 4344 99 4400 in
116 4359 264 4415 procacem
284 4341 421 4398 medicum
440 4343 581 4400 invectiva
601 4345 626 4401 ll
645 4347 726 4418 [Opp.
746 4367 772 4419 p,
792 4348 876 4418 12121.
956 4350 973 4402 3
990 4345 1132 4417 Vgl.'dsu
1151 4347 1228 4404 brief

74 4433 138 4490 uer·
155 4450 194 4488 su
214 4431 370 4502 Heimburg
387 4433 606 4502 [loschimsobu
627 4435 781 4508 Heimburg
799 4437 870 4504 3111.
950 4434 1012 4492 48.
1035 4434 1223 4500 Diellenbsch,

73 4523 190 4578 Glcenr.
209 4539 232 4574 a
252 4537 279 4576 r.
298 4519 426 4576 meruius.
