3002 5070
805 405 848 472 42

251 577 282 642 in
317 599 411 642 causa
445 577 646 643 beneficiarie
669 581 851 648 colluvionis
879 587 936 647 aut
966 580 1109 664 beneficij
1145 569 1410 663 promocionibus
1492 579 1493 654 ᾖ

250 687 303 748 tue
327 682 553 761 humanitatis,
581 705 643 767 que
665 687 785 752 nemini
808 687 978 765 deficiunt,
1004 685 1185 772 adiuvem,
1208 680 1295 747 unde
1318 676 1410 743 filius
1492 717 1493 730 ,

249 788 393 872 paternis
415 789 560 872 expensis
583 792 661 857 satis
685 793 835 877 gravibus
858 815 959 878 usque
982 791 1075 856 modo
1091 789 1231 874 erogatis
1248 787 1404 866 deinceps
1492 789 1493 858 ,

252 914 380 976 parcere
403 899 517 977 posset.
563 895 618 961 Set
650 899 726 982 qnid
749 900 787 964 de
810 903 842 964 te
865 900 984 978 dicam,
1017 894 1257 984 melli[ti]ssime
1282 893 1410 976 patere

250 996 318 1064 'liti
341 1000 541 1083 imperatoris
564 1002 735 1069 clemencia
757 1010 790 1070 te
807 1004 967 1090 preditum
987 1002 1198 1079 inveniebam,
1222 998 1279 1084 qui
1296 993 1407 1062 omni·

251 1106 309 1170 bus
332 1103 480 1189 prodesse
501 1107 669 1189 cupiebat,
700 1109 844 1192 nullique
867 1129 979 1174 nocere
1008 1107 1163 1172 studebat.
1209 1103 1271 1182 lta,
1295 1104 1410 1185 pater,

250 1212 295 1276 ita
319 1213 374 1277 tua
396 1211 497 1294 pietas
520 1214 753 1280 modestissima
776 1221 840 1280 tam
865 1217 1023 1298 prompta,
1056 1209 1246 1277 exaudibilis
1284 1207 1322 1272 ud
1349 1227 1412 1290 ps-

252 1317 383 1382 rendum
408 1317 762 1402 benivolentissimaque
778 1319 1011 1394 inveniebatur,
1034 1321 1068 1381 et
1090 1315 1176 1380 illico
1200 1313 1301 1378 lilium
1328 1316 1402 1374 tac-

251 1427 318 1486 turn
344 1422 376 1485 in
401 1421 542 1514 rotulum
565 1425 872 1510 consanguineorum
895 1430 1023 1489 tuorum
1050 1417 1347 1486 connumerandum
1372 1419 1410 1478 st

252 1526 487 1593 asscribendum
519 1549 677 1595 assumere
707 1531 915 1616 respondisti,
944 1531 1047 1614 prima
1080 1529 1186 1593 fronte
1209 1523 1413 1611 propriaque

255 1635 367 1716 sponte
403 1632 477 1698 ullis
510 1634 588 1700 meis
623 1657 680 1700 nee
709 1635 785 1700 filiis
819 1635 942 1701 meritis
977 1632 1254 1700 intercedentibus.
1314 1627 1413 1692 More

253 1736 436 1816 Alexandri,
452 1738 693 1806 clementissime
706 1745 807 1824 pater,
830 1740 966 1825 gessisti,
982 1739 1021 1804 de
1037 1760 1100 1824 quo
1112 1735 1259 1803 Valerius
1275 1737 1403 1810 narrat,
1493 1777 1494 1790 2

255 1840 394 1926 qualiter
417 1842 449 1906 in
471 1863 529 1908 sno
551 1846 693 1911 exercita
716 1847 851 1912 militem
873 1845 1005 1931 frigoris
1036 1847 1225 1927 tempestate
1247 1840 1413 1906 afflictum
1493 1853 1494 1862 ¹

256 1947 317 2012 sibi
341 1948 546 2031 compessns¹
570 1951 709 2034 propriis
724 1951 870 2016 manibus
889 1950 1022 2034 accepit,
1047 1949 1084 2014 de
1100 1970 1157 2013 sua
1180 1946 1252 2012 sede
1273 1942 1413 2009 sublimi

255 2052 442 2118 descendens
465 2058 514 2118 etc
515 2104 805 2123 ..............
838 2057 968 2122 Gracias
990 2055 1093 2140 igitur
1116 2054 1217 2120 habeo
1248 2047 1413 2116 excellen-

255 2157 376 2222 tissime
399 2158 606 2226 beneficentia
628 2161 683 2226 tae
706 2182 799 2244 quam
816 2158 995 2226 maximus¹
1018 2180 1145 2244 possim
1169 2177 1228 2243 pro
1251 2155 1352 2221 tantis
1375 2157 1415 2217 et

253 2263 539 2329 innumerabilibus
579 2265 755 2349 benefioijs,
791 2287 848 2331 nee
875 2266 1032 2330 incassum
1055 2265 1139 2330 circa
1161 2261 1263 2328 filium
1287 2266 1318 2325 te
1342 2260 1415 2324 ista

254 2389 399 2434 concesse
420 2369 559 2449 dubites,
593 2371 741 2456 quoniam
765 2371 799 2436 iu
823 2371 911 2437 brevi
934 2376 971 2436 ut
993 2391 1085 2456 spero
1108 2371 1142 2434 in
1173 2367 1325 2433 facultate
1352 2386 1407 2429 re-

255 2475 353 2539 torice
376 2475 508 2560 iureque
529 2474 615 2540 civili
639 2475 684 2539 ita
698 2475 849 2555 studebit,
872 2476 1093 2562 utaliquando
1116 2497 1179 2540 non
1200 2472 1283 2537 nuda
1305 2471 1410 2536 verba

256 2582 433 2665 paternitas
456 2587 513 2647 tus
534 2605 553 2646 e
575 2587 632 2648 tuo
655 2583 808 2648 servitore
832 2583 982 2669 colligere
1003 2582 1113 2667 possit.

341 2685 414 2750 Huc
436 2687 566 2766 accedit,
595 2688 676 2771 quod
701 2709 719 2751 a
742 2689 901 2773 principio
923 2689 1023 2767 movi,
1056 2687 1140 2773 qnod
1163 2705 1226 2750 non
1250 2683 1343 2747 modo
1365 2682 1412 2745 ad

258 2791 456 2857 scribendum
481 2814 531 2858 me
555 2797 680 2858 tuntum
705 2794 908 2876 provocavit,
940 2793 993 2858 sed
1017 2790 1148 2876 impulit
1171 2795 1203 2855 et
1227 2787 1347 2870 coegit,
1372 2794 1417 2851 ut
1494 2777 1495 2822 l

257 2901 299 2975 te,
316 2902 407 2980 puter
422 2898 615 2975 suavissime,
631 2919 809 2963 amonerem
819 2897 1148 2984 sciolumquehorum,
1165 2917 1226 2980 qne
1241 2892 1417 2969 audierim,

257 3001 401 3067 facerem.
451 3001 534 3067 Nam
558 3003 662 3068 relatu
684 3004 914 3088 fidedignorum
947 3003 1061 3082 didici,
1092 3000 1324 3067 sanctissimam
1351 3019 1414 3062 no-

258 3113 360 3172 strum
374 3109 602 3192 suplicaoiones
623 3109 840 3174 beneficiarius
855 3111 1021 3175 admisisse
1044 3109 1189 3193 proximo
1213 3108 1275 3171 iam
1299 3103 1416 3186 elapso

257 3233 363 3277 mense
379 3211 572 3278 Decembris.
618 3211 755 3279 Obsecro
770 3214 873 3298 igitur
890 3213 1077 3292 humillime,
1093 3218 1186 3297 pater
1201 3209 1415 3295 amplissime,

258 3322 384 3403 tempus
406 3319 547 3384 debiturn
571 3319 823 3403 conveniensque
846 3319 951 3384 adesse
986 3317 1038 3406 [si]
1070 3337 1255 3402 persuasum
1277 3315 1338 3380 tibi
1363 3314 1415 3377 vi·

258 3423 395 3504 debitor,
423 3446 544 3490 memor
567 3425 624 3509 filij
650 3425 703 3489 sis.
727 3461 771 3472 -·-
794 3423 861 3490 Hec
884 3447 962 3512 ego,
985 3423 1188 3490 celeberrime
1212 3422 1254 3485 nri
1278 3441 1416 3506 precep-

258 3533 330 3609 tor,
362 3531 454 3612 tetigi
490 3553 553 3596 non
585 3537 620 3595 ut
654 3536 687 3596 te
709 3531 1009 3596 commonefacerem
1033 3535 1090 3594 aut
1112 3529 1301 3611 dirigerem,
1332 3525 1417 3609 quid

259 3639 413 3718 qnantum
429 3641 485 3702 aut
502 3639 656 3721 quomodo
671 3637 727 3702 abs
744 3642 775 3702 te
790 3637 860 3702 fieri
876 3641 1032 3721 oporteat.
1079 3635 1184 3713 Absit,
1203 3653 1266 3698 non
1283 3635 1414 3697 tautum

260 3740 349 3819 mibi,
374 3742 429 3825 qui
452 3763 544 3808 cecus
567 3743 681 3808 horum
704 3748 736 3807 et
758 3743 890 3826 ignarus
912 3763 998 3821 sum,
1022 3759 1152 3822 arrogo,
1176 3743 1224 3803 set
1247 3743 1416 3820 tamquam

259 3867 341 3909 rinus
363 3846 400 3910 de
424 3848 519 3913 turba
553 3854 606 3914 tue
629 3848 892 3914 excellentissime
914 3845 1114 3933 maiestatils]
1146 3845 1207 3909 hoc
1236 3865 1285 3908 me
1309 3848 1418 3906 muru

260 3951 443 4018 disseruisse
476 3953 672 4018 existimabis
718 3952 897 4038 umorisque
941 3953 1161 4018 habundancia
1205 3953 1311 4014 tacere
1350 3969 1419 4012 non

260 4058 410 4140 potuisse.

350 4163 504 4248 Denique,
537 4163 637 4228 maior
659 4163 890 4241 affabilissima,
926 4185 965 4228 ne
988 4161 1169 4243 dedigneris
1192 4160 1304 4238 velim,
1330 4161 1416 4244 quod

260 4267 468 4352 singulariter
491 4270 549 4333 sim
574 4274 605 4332 te
627 4267 793 4334 allocutus.
841 4267 935 4334 Pater
963 4267 1087 4332 celestis
1110 4267 1155 4332 ita
1171 4265 1231 4330 sibi
1248 4263 1339 4328 affari
1359 4288 1418 4332 nos

830 4409 846 4444 ‘al‘

333 4497 344 4547 l
369 4495 428 4549 cod.
447 4511 628 4563 compassum.
700 4495 792 4550 tcod.
812 4493 948 4550 maximis.
