<?xml version="1.0" encoding="UTF-8"?>
<!DOCTYPE html PUBLIC "-//W3C//DTD XHTML 1.0 Transitional//EN"
    "http://www.w3.org/TR/xhtml1/DTD/xhtml1-transitional.dtd">
<html xmlns="http://www.w3.org/1999/xhtml" xml:lang="en" lang="en">
 <head>
  <title>
</title>
<meta http-equiv="Content-Type" content="text/html;charset=utf-8" />
  <meta name='ocr-system' content='tesseract 3.04.00' />
  <meta name='ocr-capabilities' content='ocr_page ocr_carea ocr_par ocr_line ocrx_word'/>
</head>
<body>
  <div class='ocr_page' id='page_1' title='image "./hermannschedels00schegoog_0146.png"; bbox 0 0 2990 5068; ppageno 0'>
   <div class='ocr_carea' id='block_1_1' title="bbox 821 413 882 482">
    <p class='ocr_par' dir='ltr' id='par_1_1' title="bbox 821 413 882 482">
     <span class='ocr_line' id='line_1_1' title="bbox 821 413 882 482; baseline -0.016 -1"><span class='ocrx_word' id='word_1_1' title='bbox 821 413 882 482; x_wconf 87' lang='grc'>130</span> 
     </span>
    </p>
   </div>
   <div class='ocr_carea' id='block_1_2' title="bbox 262 589 1429 4367">
    <p class='ocr_par' dir='ltr' id='par_1_2' title="bbox 262 589 1429 4367">
     <span class='ocr_line' id='line_1_2' title="bbox 273 589 1429 678; baseline -0.003 -20"><span class='ocrx_word' id='word_1_2' title='bbox 273 595 384 671; x_wconf 79' lang='lat' dir='ltr'>nescit,</span> <span class='ocrx_word' id='word_1_3' title='bbox 402 599 434 658; x_wconf 88' lang='lat' dir='ltr'>et</span> <span class='ocrx_word' id='word_1_4' title='bbox 449 614 506 658; x_wconf 93' lang='lat' dir='ltr'>nos</span> <span class='ocrx_word' id='word_1_5' title='bbox 521 593 681 676; x_wconf 90' lang='lat' dir='ltr'>orphanos</span> <span class='ocrx_word' id='word_1_6' title='bbox 698 598 731 657; x_wconf 90' lang='lat' dir='ltr'>et</span> <span class='ocrx_word' id='word_1_7' title='bbox 746 591 903 657; x_wconf 89' lang='lat' dir='ltr'>desolatos</span> <span class='ocrx_word' id='word_1_8' title='bbox 927 589 961 678; x_wconf 83' lang='lat' dir='ltr'>[f.</span> <span class='ocrx_word' id='word_1_9' title='bbox 976 591 1054 674; x_wconf 82' lang='lat'>259]</span> <span class='ocrx_word' id='word_1_10' title='bbox 1073 591 1212 676; x_wconf 81' lang='lat' dir='ltr'>reliquit,</span> <span class='ocrx_word' id='word_1_11' title='bbox 1229 597 1264 655; x_wconf 85' lang='lat' dir='ltr'>et</span> <span class='ocrx_word' id='word_1_12' title='bbox 1279 611 1429 656; x_wconf 86' lang='lat' dir='ltr'>concussa</span> 
     </span>
     <span class='ocr_line' id='line_1_3' title="bbox 272 697 1426 780; baseline -0.003 -17"><span class='ocrx_word' id='word_1_13' title='bbox 272 705 348 764; x_wconf 89' lang='lat' dir='ltr'>sunt</span> <span class='ocrx_word' id='word_1_14' title='bbox 362 699 483 764; x_wconf 81' lang='lat' dir='ltr'>viscera</span> <span class='ocrx_word' id='word_1_15' title='bbox 503 699 646 764; x_wconf 91' lang='lat' dir='ltr'>omnium</span> <span class='ocrx_word' id='word_1_16' title='bbox 661 703 807 763; x_wconf 81' lang='lat' dir='ltr'>nostruin</span> <span class='ocrx_word' id='word_1_17' title='bbox 823 697 857 760; x_wconf 94' lang='lat' dir='ltr'>in</span> <span class='ocrx_word' id='word_1_18' title='bbox 877 698 996 763; x_wconf 91' lang='lat' dir='ltr'>circulo</span> <span class='ocrx_word' id='word_1_19' title='bbox 1012 697 1185 762; x_wconf 77' lang='lat' dir='ltr'>astancium</span> <span class='ocrx_word' id='word_1_20' title='bbox 1211 698 1266 780; x_wconf 93' lang='lat' dir='ltr'>pio</span> <span class='ocrx_word' id='word_1_21' title='bbox 1283 717 1426 780; x_wconf 77' lang='lat' dir='ltr'>compas</span> 
     </span>
     <span class='ocr_line' id='line_1_4' title="bbox 271 802 1428 886; baseline -0.003 -18"><span class='ocrx_word' id='word_1_22' title='bbox 271 805 369 870; x_wconf 88' lang='lat' dir='ltr'>sionis</span> <span class='ocrx_word' id='word_1_23' title='bbox 392 803 518 883; x_wconf 83' lang='lat' dir='ltr'>affectu,</span> <span class='ocrx_word' id='word_1_24' title='bbox 543 808 575 870; x_wconf 91' lang='lat' dir='ltr'>et</span> <span class='ocrx_word' id='word_1_25' title='bbox 598 802 662 868; x_wconf 80' lang='lat' dir='ltr'>fuit</span> <span class='ocrx_word' id='word_1_26' title='bbox 684 803 776 868; x_wconf 92' lang='lat' dir='ltr'>nobis</span> <span class='ocrx_word' id='word_1_27' title='bbox 806 803 975 883; x_wconf 83' lang='lat' dir='ltr'>omnibus,</span> <span class='ocrx_word' id='word_1_28' title='bbox 1000 807 1036 868; x_wconf 92' lang='lat' dir='ltr'>ut</span> <span class='ocrx_word' id='word_1_29' title='bbox 1056 802 1161 867; x_wconf 86' lang='lat' dir='ltr'>verbis</span> <span class='ocrx_word' id='word_1_30' title='bbox 1183 802 1326 886; x_wconf 88' lang='lat' dir='ltr'>apostoli</span> <span class='ocrx_word' id='word_1_31' title='bbox 1350 808 1428 877; x_wconf 74' lang='lat' dir='ltr'>utar,</span> 
     </span>
     <span class='ocr_line' id='line_1_5' title="bbox 270 906 1427 976; baseline -0.003 -2"><span class='ocrx_word' id='word_1_32' title='bbox 270 909 409 976; x_wconf 88' lang='lat' dir='ltr'>tristicia</span> <span class='ocrx_word' id='word_1_33' title='bbox 431 909 536 974; x_wconf 88' lang='lat' dir='ltr'>multa</span> <span class='ocrx_word' id='word_1_34' title='bbox 558 914 592 972; x_wconf 90' lang='lat' dir='ltr'>et</span> <span class='ocrx_word' id='word_1_35' title='bbox 615 909 785 974; x_wconf 91' lang='lat' dir='ltr'>continuus</span> <span class='ocrx_word' id='word_1_36' title='bbox 812 909 903 974; x_wconf 88' lang='lat' dir='ltr'>dolor</span> <span class='ocrx_word' id='word_1_37' title='bbox 923 908 1070 974; x_wconf 84' lang='lat' dir='ltr'>cordibus</span> <span class='ocrx_word' id='word_1_38' title='bbox 1085 908 1211 974; x_wconf 73' lang='lat' dir='ltr'>neonis.</span> <span class='ocrx_word' id='word_1_39' title='bbox 1257 906 1287 972; x_wconf 90' lang='grc' dir='ltr'><strong>Ο</strong></span> <span class='ocrx_word' id='word_1_40' title='bbox 1310 908 1427 972; x_wconf 82' lang='lat' dir='ltr'>dulcis-</span> 
     </span>
     <span class='ocr_line' id='line_1_6' title="bbox 270 1013 1425 1101; baseline -0.002 -21"><span class='ocrx_word' id='word_1_41' title='bbox 270 1017 348 1080; x_wconf 91' lang='lat' dir='ltr'>sime</span> <span class='ocrx_word' id='word_1_42' title='bbox 371 1015 472 1080; x_wconf 90' lang='lat' dir='ltr'>frater</span> <span class='ocrx_word' id='word_1_43' title='bbox 495 1015 539 1078; x_wconf 91' lang='lat' dir='ltr'>mi</span> <span class='ocrx_word' id='word_1_44' title='bbox 566 1013 706 1094; x_wconf 78' lang='lat' dir='ltr'>Thomu,</span> <span class='ocrx_word' id='word_1_45' title='bbox 741 1015 767 1080; x_wconf 89' lang='lat' dir='ltr'>ei</span> <span class='ocrx_word' id='word_1_46' title='bbox 799 1013 943 1080; x_wconf 76' lang='lat' dir='ltr'>siluisses</span> <span class='ocrx_word' id='word_1_47' title='bbox 974 1020 1007 1080; x_wconf 89' lang='lat' dir='ltr'>et</span> <span class='ocrx_word' id='word_1_48' title='bbox 1029 1035 1148 1101; x_wconf 80' lang='lat' dir='ltr'>agones</span> <span class='ocrx_word' id='word_1_49' title='bbox 1173 1015 1425 1080; x_wconf 87' lang='lat' dir='ltr'>consumacionis</span> 
     </span>
     <span class='ocr_line' id='line_1_7' title="bbox 270 1118 1426 1204; baseline -0.003 -18"><span class='ocrx_word' id='word_1_50' title='bbox 270 1123 337 1186; x_wconf 89' lang='lat' dir='ltr'>eius</span> <span class='ocrx_word' id='word_1_51' title='bbox 358 1120 500 1200; x_wconf 87' lang='lat' dir='ltr'>vidisses,</span> <span class='ocrx_word' id='word_1_52' title='bbox 524 1119 689 1186; x_wconf 78' lang='lat' dir='ltr'><strong>defecisses</strong></span> <span class='ocrx_word' id='word_1_53' title='bbox 713 1119 841 1204; x_wconf 91' lang='lat' dir='ltr'>quidem</span> <span class='ocrx_word' id='word_1_54' title='bbox 857 1141 915 1202; x_wconf 88' lang='lat' dir='ltr'>pre</span> <span class='ocrx_word' id='word_1_55' title='bbox 931 1120 1068 1184; x_wconf 73' lang='lat' dir='ltr'>tristicia</span> <span class='ocrx_word' id='word_1_56' title='bbox 1083 1124 1115 1184; x_wconf 88' lang='lat' dir='ltr'>et</span> <span class='ocrx_word' id='word_1_57' title='bbox 1131 1118 1247 1184; x_wconf 89' lang='lat' dir='ltr'>dolore.</span> <span class='ocrx_word' id='word_1_58' title='bbox 1299 1118 1344 1183; x_wconf 79' lang='lat' dir='ltr'>Et</span> <span class='ocrx_word' id='word_1_59' title='bbox 1366 1141 1426 1183; x_wconf 92' lang='lat' dir='ltr'>non</span> 
     </span>
     <span class='ocr_line' id='line_1_8' title="bbox 270 1224 1427 1309; baseline -0.003 -19"><span class='ocrx_word' id='word_1_60' title='bbox 270 1225 430 1292; x_wconf 86' lang='lat' dir='ltr'>immerito</span> <span class='ocrx_word' id='word_1_61' title='bbox 455 1224 576 1290; x_wconf 89' lang='lat' dir='ltr'>turbati</span> <span class='ocrx_word' id='word_1_62' title='bbox 598 1225 729 1304; x_wconf 86' lang='lat' dir='ltr'>fuimus,</span> <span class='ocrx_word' id='word_1_63' title='bbox 752 1225 828 1308; x_wconf 88' lang='lat' dir='ltr'>quia</span> <span class='ocrx_word' id='word_1_64' title='bbox 852 1225 987 1289; x_wconf 90' lang='lat' dir='ltr'>ablatus</span> <span class='ocrx_word' id='word_1_65' title='bbox 1002 1229 1050 1288; x_wconf 86' lang='lat' dir='ltr'>est</span> <span class='ocrx_word' id='word_1_66' title='bbox 1065 1227 1237 1308; x_wconf 81' lang='lat' dir='ltr'>protector,</span> <span class='ocrx_word' id='word_1_67' title='bbox 1261 1229 1427 1309; x_wconf 88' lang='lat' dir='ltr'>promotor</span> 
     </span>
     <span class='ocr_line' id='line_1_9' title="bbox 269 1328 1425 1408; baseline -0.003 -12"><span class='ocrx_word' id='word_1_68' title='bbox 269 1338 302 1396; x_wconf 91' lang='lat' dir='ltr'>et</span> <span class='ocrx_word' id='word_1_69' title='bbox 323 1333 526 1396; x_wconf 81' lang='lat' dir='ltr'>conservator</span> <span class='ocrx_word' id='word_1_70' title='bbox 549 1335 666 1394; x_wconf 89' lang='lat' dir='ltr'>noster.</span> <span class='ocrx_word' id='word_1_71' title='bbox 712 1328 890 1405; x_wconf 74' lang='lat' dir='ltr'>OTboma</span> <span class='ocrx_word' id='word_1_72' title='bbox 919 1329 1026 1394; x_wconf 87' lang='lat' dir='ltr'>frater</span> <span class='ocrx_word' id='word_1_73' title='bbox 1047 1329 1103 1408; x_wconf 88' lang='lat' dir='ltr'>mi,</span> <span class='ocrx_word' id='word_1_74' title='bbox 1126 1329 1204 1394; x_wconf 93' lang='lat' dir='ltr'>omi</span> <span class='ocrx_word' id='word_1_75' title='bbox 1221 1328 1328 1394; x_wconf 79' lang='lat' dir='ltr'>frater</span> <span class='ocrx_word' id='word_1_76' title='bbox 1343 1328 1425 1393; x_wconf 82' lang='lat' dir='ltr'>Tho</span> 
     </span>
     <span class='ocr_line' id='line_1_10' title="bbox 269 1433 1425 1520; baseline -0.002 -20"><span class='ocrx_word' id='word_1_77' title='bbox 269 1457 331 1513; x_wconf 76' lang='lat' dir='ltr'>nia,</span> <span class='ocrx_word' id='word_1_78' title='bbox 355 1435 426 1520; x_wconf 90' lang='lat' dir='ltr'>quis</span> <span class='ocrx_word' id='word_1_79' title='bbox 448 1441 481 1499; x_wconf 92' lang='lat' dir='ltr'>te</span> <span class='ocrx_word' id='word_1_80' title='bbox 504 1435 642 1518; x_wconf 89' lang='lat' dir='ltr'>amplius</span> <span class='ocrx_word' id='word_1_81' title='bbox 665 1435 808 1520; x_wconf 75' lang='lat' dir='ltr'>protegit</span> <span class='ocrx_word' id='word_1_82' title='bbox 831 1441 864 1500; x_wconf 92' lang='lat' dir='ltr'>et</span> <span class='ocrx_word' id='word_1_83' title='bbox 893 1433 1036 1500; x_wconf 79' lang='lat' dir='ltr'>defendit</span> <span class='ocrx_word' id='word_1_84' title='bbox 1067 1435 1101 1500; x_wconf 91' lang='lat' dir='ltr'>in</span> <span class='ocrx_word' id='word_1_85' title='bbox 1133 1435 1376 1500; x_wconf 85' lang='lat' dir='ltr'>beneficialibus</span> <span class='ocrx_word' id='word_1_86' title='bbox 1397 1441 1425 1498; x_wconf 90' lang='lat' dir='ltr'>et</span> 
     </span>
     <span class='ocr_line' id='line_1_11' title="bbox 269 1539 1425 1623; baseline -0.002 -17"><span class='ocrx_word' id='word_1_87' title='bbox 269 1544 309 1606; x_wconf 88' lang='lat' dir='ltr'>ab</span> <span class='ocrx_word' id='word_1_88' title='bbox 333 1540 445 1607; x_wconf 87' lang='lat' dir='ltr'>emulis</span> <span class='ocrx_word' id='word_1_89' title='bbox 469 1540 543 1619; x_wconf 84' lang='lat' dir='ltr'>tuis,</span> <span class='ocrx_word' id='word_1_90' title='bbox 566 1539 643 1623; x_wconf 91' lang='lat' dir='ltr'>quia</span> <span class='ocrx_word' id='word_1_91' title='bbox 666 1540 832 1622; x_wconf 86' lang='lat' dir='ltr'>perierunt</span> <span class='ocrx_word' id='word_1_92' title='bbox 862 1561 951 1604; x_wconf 89' lang='lat' dir='ltr'>arma</span> <span class='ocrx_word' id='word_1_93' title='bbox 972 1539 1110 1604; x_wconf 80' lang='lat' dir='ltr'>bellica?</span> <span class='ocrx_word' id='word_1_94' title='bbox 1144 1539 1223 1616; x_wconf 82' lang='lat' dir='ltr'>Quis</span> <span class='ocrx_word' id='word_1_95' title='bbox 1245 1545 1278 1604; x_wconf 86' lang='lat' dir='ltr'>te</span> <span class='ocrx_word' id='word_1_96' title='bbox 1297 1561 1425 1605; x_wconf 76' lang='lat' dir='ltr'>accum-</span> 
     </span>
     <span class='ocr_line' id='line_1_12' title="bbox 269 1645 1424 1732; baseline -0.005 -18"><span class='ocrx_word' id='word_1_97' title='bbox 269 1655 339 1714; x_wconf 88' lang='lat' dir='ltr'>tum</span> <span class='ocrx_word' id='word_1_98' title='bbox 362 1652 490 1714; x_wconf 87' lang='lat' dir='ltr'>excusat</span> <span class='ocrx_word' id='word_1_99' title='bbox 512 1653 592 1730; x_wconf 90' lang='lat' dir='ltr'>aput</span> <span class='ocrx_word' id='word_1_100' title='bbox 615 1649 793 1731; x_wconf 79' lang='lat' dir='ltr'>superiores</span> <span class='ocrx_word' id='word_1_101' title='bbox 813 1652 845 1713; x_wconf 89' lang='lat' dir='ltr'>et</span> <span class='ocrx_word' id='word_1_102' title='bbox 861 1647 1024 1727; x_wconf 81' lang='lat' dir='ltr'>officiales,</span> <span class='ocrx_word' id='word_1_103' title='bbox 1047 1648 1119 1732; x_wconf 88' lang='lat' dir='ltr'>quis</span> <span class='ocrx_word' id='word_1_104' title='bbox 1141 1645 1201 1710; x_wconf 86' lang='lat' dir='ltr'>tibi</span> <span class='ocrx_word' id='word_1_105' title='bbox 1218 1645 1252 1709; x_wconf 90' lang='lat' dir='ltr'>in</span> <span class='ocrx_word' id='word_1_106' title='bbox 1275 1646 1424 1710; x_wconf 85' lang='lat' dir='ltr'>omnibus</span> 
     </span>
     <span class='ocr_line' id='line_1_13' title="bbox 268 1749 1423 1840; baseline -0.006 -20"><span class='ocrx_word' id='word_1_107' title='bbox 268 1755 400 1840; x_wconf 80' lang='lat' dir='ltr'>agendis</span> <span class='ocrx_word' id='word_1_108' title='bbox 422 1753 568 1818; x_wconf 84' lang='lat' dir='ltr'>assistit?</span> <span class='ocrx_word' id='word_1_109' title='bbox 604 1750 630 1816; x_wconf 91' lang='grc' dir='ltr'><strong>Ο</strong></span> <span class='ocrx_word' id='word_1_110' title='bbox 649 1749 822 1832; x_wconf 87' lang='lat' dir='ltr'>Johannes‚</span> <span class='ocrx_word' id='word_1_111' title='bbox 846 1752 932 1837; x_wconf 80' lang='lat' dir='ltr'>legas</span> <span class='ocrx_word' id='word_1_112' title='bbox 949 1750 1106 1836; x_wconf 87' lang='lat' dir='ltr'>psalmum</span> <span class='ocrx_word' id='word_1_113' title='bbox 1123 1751 1333 1816; x_wconf 86' lang='lat' dir='ltr'>centesimum</span> <span class='ocrx_word' id='word_1_114' title='bbox 1349 1751 1423 1814; x_wconf 91' lang='lat' dir='ltr'>duo·</span> 
     </span>
     <span class='ocr_line' id='line_1_14' title="bbox 269 1853 1422 1938; baseline -0.008 -13"><span class='ocrx_word' id='word_1_115' title='bbox 269 1860 426 1925; x_wconf 90' lang='lat' dir='ltr'>decimum</span> <span class='ocrx_word' id='word_1_116' title='bbox 450 1863 483 1923; x_wconf 88' lang='lat' dir='ltr'>et</span> <span class='ocrx_word' id='word_1_117' title='bbox 506 1857 649 1922; x_wconf 84' lang='lat' dir='ltr'>invenies</span> <span class='ocrx_word' id='word_1_118' title='bbox 672 1857 897 1922; x_wconf 77' lang='lat' dir='ltr'>vociferatum:</span> <span class='ocrx_word' id='word_1_119' title='bbox 934 1855 1117 1922; x_wconf 85' lang='lat' dir='ltr'>›Suscitans</span> <span class='ocrx_word' id='word_1_120' title='bbox 1144 1877 1163 1918; x_wconf 89' lang='lat' dir='ltr'>a</span> <span class='ocrx_word' id='word_1_121' title='bbox 1186 1859 1272 1920; x_wconf 89' lang='lat' dir='ltr'>terra</span> <span class='ocrx_word' id='word_1_122' title='bbox 1295 1853 1422 1938; x_wconf 84' lang='lat' dir='ltr'>inopem</span> 
     </span>
     <span class='ocr_line' id='line_1_15' title="bbox 268 1960 1422 2048; baseline -0.005 -18"><span class='ocrx_word' id='word_1_123' title='bbox 268 1971 299 2030; x_wconf 91' lang='lat' dir='ltr'>et</span> <span class='ocrx_word' id='word_1_124' title='bbox 323 1965 361 2030; x_wconf 93' lang='lat' dir='ltr'>de</span> <span class='ocrx_word' id='word_1_125' title='bbox 384 1969 525 2028; x_wconf 87' lang='lat' dir='ltr'>stercore</span> <span class='ocrx_word' id='word_1_126' title='bbox 559 1963 685 2048; x_wconf 80' lang='lat' dir='ltr'>erigam</span> <span class='ocrx_word' id='word_1_127' title='bbox 707 1983 922 2047; x_wconf 81' lang='lat' dir='ltr'>pauperem«,</span> <span class='ocrx_word' id='word_1_128' title='bbox 953 1962 1036 2045; x_wconf 90' lang='lat' dir='ltr'>quod</span> <span class='ocrx_word' id='word_1_129' title='bbox 1065 1960 1135 2025; x_wconf 85' lang='lat' dir='ltr'>risu</span> <span class='ocrx_word' id='word_1_130' title='bbox 1158 1961 1329 2026; x_wconf 82' lang='lat' dir='ltr'>obauditu</span> <span class='ocrx_word' id='word_1_131' title='bbox 1353 1982 1422 2025; x_wconf 88' lang='lat' dir='ltr'>nos·</span> 
     </span>
     <span class='ocr_line' id='line_1_16' title="bbox 269 2065 1420 2152; baseline -0.006 -17"><span class='ocrx_word' id='word_1_132' title='bbox 269 2071 374 2148; x_wconf 78' lang='lat' dir='ltr'>citur,</span> <span class='ocrx_word' id='word_1_133' title='bbox 410 2069 575 2134; x_wconf 85' lang='lat' dir='ltr'>rarissimo</span> <span class='ocrx_word' id='word_1_134' title='bbox 608 2068 791 2134; x_wconf 88' lang='lat' dir='ltr'>testimonio</span> <span class='ocrx_word' id='word_1_135' title='bbox 821 2069 1056 2152; x_wconf 89' lang='lat' dir='ltr'>comprobatur.</span> <span class='ocrx_word' id='word_1_136' title='bbox 1104 2065 1347 2146; x_wconf 82' lang='lat' dir='ltr'>OValentina,</span> <span class='ocrx_word' id='word_1_137' title='bbox 1371 2066 1420 2130; x_wconf 93' lang='lat' dir='ltr'>ubi</span> 
     </span>
     <span class='ocr_line' id='line_1_17' title="bbox 269 2172 1422 2262; baseline -0.006 -21"><span class='ocrx_word' id='word_1_138' title='bbox 269 2177 376 2262; x_wconf 85' lang='lat' dir='ltr'>queris</span> <span class='ocrx_word' id='word_1_139' title='bbox 411 2176 550 2259; x_wconf 89' lang='lat' dir='ltr'>amplius</span> <span class='ocrx_word' id='word_1_140' title='bbox 573 2197 651 2240; x_wconf 89' lang='lat' dir='ltr'>sana</span> <span class='ocrx_word' id='word_1_141' title='bbox 681 2178 713 2239; x_wconf 91' lang='lat' dir='ltr'>et</span> <span class='ocrx_word' id='word_1_142' title='bbox 736 2180 861 2240; x_wconf 87' lang='lat' dir='ltr'>matura</span> <span class='ocrx_word' id='word_1_143' title='bbox 894 2174 1027 2240; x_wconf 90' lang='lat' dir='ltr'>consilia</span> <span class='ocrx_word' id='word_1_144' title='bbox 1055 2195 1092 2238; x_wconf 91' lang='lat' dir='ltr'>ac</span> <span class='ocrx_word' id='word_1_145' title='bbox 1120 2172 1255 2238; x_wconf 87' lang='lat' dir='ltr'>iocunda</span> <span class='ocrx_word' id='word_1_146' title='bbox 1277 2172 1422 2238; x_wconf 80' lang='lat' dir='ltr'>solacia?</span> 
     </span>
     <span class='ocr_line' id='line_1_18' title="bbox 269 2277 1420 2365; baseline -0.003 -19"><span class='ocrx_word' id='word_1_147' title='bbox 269 2279 347 2356; x_wconf 87' lang='lat' dir='ltr'>Quis</span> <span class='ocrx_word' id='word_1_148' title='bbox 370 2281 485 2364; x_wconf 88' lang='lat' dir='ltr'>nuptui</span> <span class='ocrx_word' id='word_1_149' title='bbox 509 2280 615 2345; x_wconf 87' lang='lat' dir='ltr'>tradet</span> <span class='ocrx_word' id='word_1_150' title='bbox 638 2281 698 2345; x_wconf 89' lang='lat' dir='ltr'>tibi</span> <span class='ocrx_word' id='word_1_151' title='bbox 722 2286 851 2365; x_wconf 89' lang='lat' dir='ltr'>neptem</span> <span class='ocrx_word' id='word_1_152' title='bbox 875 2301 964 2345; x_wconf 85' lang='lat' dir='ltr'>suam</span> <span class='ocrx_word' id='word_1_153' title='bbox 994 2279 1148 2365; x_wconf 85' lang='lat' dir='ltr'>virginem</span> <span class='ocrx_word' id='word_1_154' title='bbox 1173 2277 1276 2342; x_wconf 88' lang='lat' dir='ltr'>multa</span> <span class='ocrx_word' id='word_1_155' title='bbox 1297 2280 1420 2363; x_wconf 88' lang='lat' dir='ltr'>specio-</span> 
     </span>
     <span class='ocr_line' id='line_1_19' title="bbox 268 2382 1420 2468; baseline -0.004 -17"><span class='ocrx_word' id='word_1_156' title='bbox 268 2387 363 2451; x_wconf 89' lang='lat' dir='ltr'>sitate</span> <span class='ocrx_word' id='word_1_157' title='bbox 386 2387 534 2451; x_wconf 87' lang='lat' dir='ltr'>decoram</span> <span class='ocrx_word' id='word_1_158' title='bbox 551 2391 584 2448; x_wconf 90' lang='lat' dir='ltr'>et</span> <span class='ocrx_word' id='word_1_159' title='bbox 600 2382 808 2449; x_wconf 77' lang='lat' dir='ltr'>laudabilium</span> <span class='ocrx_word' id='word_1_160' title='bbox 824 2405 947 2449; x_wconf 88' lang='lat' dir='ltr'>morum</span> <span class='ocrx_word' id='word_1_161' title='bbox 973 2383 1204 2468; x_wconf 87' lang='lat' dir='ltr'>composicione</span> <span class='ocrx_word' id='word_1_162' title='bbox 1227 2385 1420 2448; x_wconf 75' lang='lat' dir='ltr'>venustam?</span> 
     </span>
     <span class='ocr_line' id='line_1_20' title="bbox 267 2485 1418 2573; baseline -0.003 -19"><span class='ocrx_word' id='word_1_163' title='bbox 267 2489 294 2554; x_wconf 92' lang='lat'>0</span> <span class='ocrx_word' id='word_1_164' title='bbox 310 2490 470 2570; x_wconf 79' lang='lat' dir='ltr'>Heinrice,</span> <span class='ocrx_word' id='word_1_165' title='bbox 495 2489 565 2573; x_wconf 89' lang='lat' dir='ltr'>quis</span> <span class='ocrx_word' id='word_1_166' title='bbox 589 2488 713 2554; x_wconf 86' lang='lat' dir='ltr'>vocavit</span> <span class='ocrx_word' id='word_1_167' title='bbox 729 2493 761 2554; x_wconf 90' lang='lat' dir='ltr'>te</span> <span class='ocrx_word' id='word_1_168' title='bbox 777 2489 816 2552; x_wconf 92' lang='lat' dir='ltr'>de</span> <span class='ocrx_word' id='word_1_169' title='bbox 844 2488 985 2554; x_wconf 90' lang='lat' dir='ltr'>tenebris</span> <span class='ocrx_word' id='word_1_170' title='bbox 1003 2487 1191 2552; x_wconf 88' lang='lat' dir='ltr'>Lombardie</span> <span class='ocrx_word' id='word_1_171' title='bbox 1213 2509 1270 2552; x_wconf 90' lang='lat' dir='ltr'>sen</span> <span class='ocrx_word' id='word_1_172' title='bbox 1285 2485 1418 2553; x_wconf 80' lang='lat' dir='ltr'>Triden-</span> 
     </span>
     <span class='ocr_line' id='line_1_21' title="bbox 266 2589 1419 2677; baseline -0.003 -17"><span class='ocrx_word' id='word_1_173' title='bbox 266 2597 334 2660; x_wconf 89' lang='lat' dir='ltr'>tine</span> <span class='ocrx_word' id='word_1_174' title='bbox 357 2595 496 2660; x_wconf 80' lang='lat' dir='ltr'>civitatis</span> <span class='ocrx_word' id='word_1_175' title='bbox 519 2594 557 2659; x_wconf 91' lang='lat' dir='ltr'>ad</span> <span class='ocrx_word' id='word_1_176' title='bbox 582 2599 699 2658; x_wconf 84' lang='lat' dir='ltr'>terram</span> <span class='ocrx_word' id='word_1_177' title='bbox 724 2593 943 2677; x_wconf 80' lang='lat' dir='ltr'>promissionis</span> <span class='ocrx_word' id='word_1_178' title='bbox 957 2591 997 2656; x_wconf 83' lang='lat'>?¹</span> <span class='ocrx_word' id='word_1_179' title='bbox 1043 2589 1120 2666; x_wconf 81' lang='lat' dir='ltr'>Quis</span> <span class='ocrx_word' id='word_1_180' title='bbox 1143 2595 1305 2675; x_wconf 86' lang='lat' dir='ltr'>promovit</span> <span class='ocrx_word' id='word_1_181' title='bbox 1328 2601 1362 2659; x_wconf 90' lang='lat' dir='ltr'>te</span> <span class='ocrx_word' id='word_1_182' title='bbox 1385 2593 1419 2657; x_wconf 90' lang='lat' dir='ltr'>ad</span> 
     </span>
     <span class='ocr_line' id='line_1_22' title="bbox 265 2697 1417 2782; baseline -0.003 -16"><span class='ocrx_word' id='word_1_183' title='bbox 265 2703 392 2766; x_wconf 88' lang='lat' dir='ltr'>doctum</span> <span class='ocrx_word' id='word_1_184' title='bbox 416 2706 448 2765; x_wconf 96' lang='lat' dir='ltr'>et</span> <span class='ocrx_word' id='word_1_185' title='bbox 470 2699 693 2764; x_wconf 88' lang='lat' dir='ltr'>suavissimum</span> <span class='ocrx_word' id='word_1_186' title='bbox 716 2697 883 2781; x_wconf 87' lang='lat' dir='ltr'>presulem,</span> <span class='ocrx_word' id='word_1_187' title='bbox 908 2697 963 2782; x_wconf 93' lang='lat' dir='ltr'>qui</span> <span class='ocrx_word' id='word_1_188' title='bbox 987 2701 1019 2762; x_wconf 89' lang='lat' dir='ltr'>te</span> <span class='ocrx_word' id='word_1_189' title='bbox 1035 2719 1161 2781; x_wconf 87' lang='lat' dir='ltr'>semper</span> <span class='ocrx_word' id='word_1_190' title='bbox 1176 2699 1320 2782; x_wconf 81' lang='lat' dir='ltr'>inspexit</span> <span class='ocrx_word' id='word_1_191' title='bbox 1343 2701 1417 2764; x_wconf 91' lang='lat' dir='ltr'>duo-</span> 
     </span>
     <span class='ocr_line' id='line_1_23' title="bbox 267 2803 1419 2890; baseline 0 -20"><span class='ocrx_word' id='word_1_192' title='bbox 267 2807 325 2871; x_wconf 91' lang='lat' dir='ltr'>bus</span> <span class='ocrx_word' id='word_1_193' title='bbox 347 2805 447 2871; x_wconf 90' lang='lat' dir='ltr'>oculis</span> <span class='ocrx_word' id='word_1_194' title='bbox 469 2811 502 2870; x_wconf 90' lang='lat' dir='ltr'>et</span> <span class='ocrx_word' id='word_1_195' title='bbox 525 2825 688 2888; x_wconf 89' lang='lat' dir='ltr'>nunquam</span> <span class='ocrx_word' id='word_1_196' title='bbox 713 2803 805 2868; x_wconf 83' lang='lat' dir='ltr'>vultu</span> <span class='ocrx_word' id='word_1_197' title='bbox 832 2825 869 2866; x_wconf 85' lang='lat' dir='ltr'>ex</span> <span class='ocrx_word' id='word_1_198' title='bbox 888 2803 1043 2888; x_wconf 81' lang='lat' dir='ltr'>obliquo?</span> <span class='ocrx_word' id='word_1_199' title='bbox 1079 2803 1128 2868; x_wconf 83' lang='lat' dir='ltr'>Ad</span> <span class='ocrx_word' id='word_1_200' title='bbox 1145 2825 1239 2890; x_wconf 85' lang='lat' dir='ltr'>quern</span> <span class='ocrx_word' id='word_1_201' title='bbox 1255 2805 1419 2888; x_wconf 76' lang='lat' dir='ltr'>confugies</span> 
     </span>
     <span class='ocr_line' id='line_1_24' title="bbox 265 2907 1419 2996; baseline -0.003 -20"><span class='ocrx_word' id='word_1_202' title='bbox 265 2909 404 2996; x_wconf 89' lang='lat' dir='ltr'>amplius</span> <span class='ocrx_word' id='word_1_203' title='bbox 433 2932 491 2994; x_wconf 90' lang='lat' dir='ltr'>pro</span> <span class='ocrx_word' id='word_1_204' title='bbox 524 2908 684 2992; x_wconf 82' lang='lat' dir='ltr'>eonsilijs‚</span> <span class='ocrx_word' id='word_1_205' title='bbox 716 2908 845 2992; x_wconf 87' lang='lat' dir='ltr'>auxilijs</span> <span class='ocrx_word' id='word_1_206' title='bbox 880 2913 912 2972; x_wconf 90' lang='lat' dir='ltr'>et</span> <span class='ocrx_word' id='word_1_207' title='bbox 936 2908 1113 2974; x_wconf 80' lang='lat' dir='ltr'>doctrinis?</span> <span class='ocrx_word' id='word_1_208' title='bbox 1147 2907 1419 2975; x_wconf 87' lang='lat' dir='ltr'>Obumanissimi</span> 
     </span>
     <span class='ocr_line' id='line_1_25' title="bbox 266 3014 1417 3102; baseline -0.002 -22"><span class='ocrx_word' id='word_1_209' title='bbox 266 3017 394 3096; x_wconf 85' lang='lat' dir='ltr'>fratres,</span> <span class='ocrx_word' id='word_1_210' title='bbox 411 3017 487 3102; x_wconf 89' lang='lat' dir='ltr'>quid</span> <span class='ocrx_word' id='word_1_211' title='bbox 497 3016 614 3080; x_wconf 90' lang='lat' dir='ltr'>accidit</span> <span class='ocrx_word' id='word_1_212' title='bbox 631 3014 723 3080; x_wconf 90' lang='lat' dir='ltr'>nobis</span> <span class='ocrx_word' id='word_1_213' title='bbox 740 3014 832 3080; x_wconf 89' lang='lat' dir='ltr'>bodie</span> <span class='ocrx_word' id='word_1_214' title='bbox 848 3014 994 3092; x_wconf 82' lang='lat' dir='ltr'>tristicie,</span> <span class='ocrx_word' id='word_1_215' title='bbox 1015 3014 1219 3080; x_wconf 87' lang='lat' dir='ltr'>tenebrarum</span> <span class='ocrx_word' id='word_1_216' title='bbox 1235 3019 1267 3080; x_wconf 91' lang='lat' dir='ltr'>et</span> <span class='ocrx_word' id='word_1_217' title='bbox 1279 3015 1417 3100; x_wconf 83' lang='lat' dir='ltr'>dampni,</span> 
     </span>
     <span class='ocr_line' id='line_1_26' title="bbox 265 3119 1418 3208; baseline 0 -22"><span class='ocrx_word' id='word_1_218' title='bbox 265 3124 340 3208; x_wconf 87' lang='lat' dir='ltr'>quia</span> <span class='ocrx_word' id='word_1_219' title='bbox 370 3143 502 3206; x_wconf 89' lang='lat' dir='ltr'>prorsus</span> <span class='ocrx_word' id='word_1_220' title='bbox 524 3120 697 3204; x_wconf 91' lang='lat' dir='ltr'>orphanati</span> <span class='ocrx_word' id='word_1_221' title='bbox 720 3124 855 3186; x_wconf 75' lang='lat' dir='ltr'>sumus?</span> <span class='ocrx_word' id='word_1_222' title='bbox 892 3119 968 3195; x_wconf 79' lang='lat' dir='ltr'>Quis</span> <span class='ocrx_word' id='word_1_223' title='bbox 1001 3121 1040 3184; x_wconf 89' lang='lat' dir='ltr'>de</span> <span class='ocrx_word' id='word_1_224' title='bbox 1072 3125 1177 3186; x_wconf 89' lang='lat' dir='ltr'>cetero</span> <span class='ocrx_word' id='word_1_225' title='bbox 1206 3121 1328 3186; x_wconf 86' lang='lat' dir='ltr'>salutat</span> <span class='ocrx_word' id='word_1_226' title='bbox 1354 3143 1418 3196; x_wconf 77' lang='lat' dir='ltr'>nos,</span> 
     </span>
     <span class='ocr_line' id='line_1_27' title="bbox 264 3225 1418 3313; baseline -0.002 -21"><span class='ocrx_word' id='word_1_227' title='bbox 264 3229 336 3313; x_wconf 91' lang='lat' dir='ltr'>quis</span> <span class='ocrx_word' id='word_1_228' title='bbox 359 3227 497 3310; x_wconf 82' lang='lat' dir='ltr'>alonge</span> <span class='ocrx_word' id='word_1_229' title='bbox 528 3227 642 3291; x_wconf 89' lang='lat' dir='ltr'>scribit</span> <span class='ocrx_word' id='word_1_230' title='bbox 665 3227 756 3292; x_wconf 88' lang='lat' dir='ltr'>nobis</span> <span class='ocrx_word' id='word_1_231' title='bbox 780 3225 930 3309; x_wconf 89' lang='lat' dir='ltr'>epistolas</span> <span class='ocrx_word' id='word_1_232' title='bbox 953 3247 1047 3290; x_wconf 86' lang='lat' dir='ltr'>manu</span> <span class='ocrx_word' id='word_1_233' title='bbox 1078 3247 1136 3291; x_wconf 90' lang='lat' dir='ltr'>sua</span> <span class='ocrx_word' id='word_1_234' title='bbox 1168 3227 1418 3310; x_wconf 83' lang='lat' dir='ltr'>promptissima,</span> 
     </span>
     <span class='ocr_line' id='line_1_28' title="bbox 267 3329 1415 3419; baseline -0.004 -22"><span class='ocrx_word' id='word_1_235' title='bbox 267 3332 303 3416; x_wconf 86' lang='lat' dir='ltr'>[f.</span> <span class='ocrx_word' id='word_1_236' title='bbox 329 3331 421 3419; x_wconf 56' lang='lat'><strong>259³]</strong></span> <span class='ocrx_word' id='word_1_237' title='bbox 447 3333 520 3417; x_wconf 89' lang='lat' dir='ltr'>quis</span> <span class='ocrx_word' id='word_1_238' title='bbox 539 3331 770 3414; x_wconf 88' lang='lat' dir='ltr'>scripturarum</span> <span class='ocrx_word' id='word_1_239' title='bbox 794 3331 958 3413; x_wconf 77' lang='lat' dir='ltr'>enigmate</span> <span class='ocrx_word' id='word_1_240' title='bbox 985 3329 1076 3395; x_wconf 91' lang='lat' dir='ltr'>nobis</span> <span class='ocrx_word' id='word_1_241' title='bbox 1092 3337 1222 3409; x_wconf 80' lang='lat' dir='ltr'>reserat,</span> <span class='ocrx_word' id='word_1_242' title='bbox 1246 3331 1415 3396; x_wconf 88' lang='lat' dir='ltr'>nodossol-</span> 
     </span>
     <span class='ocr_line' id='line_1_29' title="bbox 262 3431 1416 3520; baseline -0.003 -18"><span class='ocrx_word' id='word_1_243' title='bbox 262 3442 316 3502; x_wconf 84' lang='lat' dir='ltr'>vet</span> <span class='ocrx_word' id='word_1_244' title='bbox 338 3442 373 3502; x_wconf 92' lang='lat' dir='ltr'>et</span> <span class='ocrx_word' id='word_1_245' title='bbox 393 3438 528 3502; x_wconf 88' lang='lat' dir='ltr'>obscura</span> <span class='ocrx_word' id='word_1_246' title='bbox 550 3435 725 3501; x_wconf 80' lang='lat' dir='ltr'>dilucidat?</span> <span class='ocrx_word' id='word_1_247' title='bbox 743 3484 750 3498; x_wconf 91' lang='lat'><strong>.</strong></span> <span class='ocrx_word' id='word_1_248' title='bbox 770 3481 777 3497; x_wconf 91' lang='lat'><strong>.</strong></span> <span class='ocrx_word' id='word_1_249' title='bbox 797 3484 803 3500; x_wconf 91' lang='lat'>.</span> <span class='ocrx_word' id='word_1_250' title='bbox 821 3431 880 3520; x_wconf 87' lang='lat' dir='ltr'><strong>.[f.</strong></span> <span class='ocrx_word' id='word_1_251' title='bbox 904 3433 984 3520; x_wconf 85' lang='lat'>260]</span> <span class='ocrx_word' id='word_1_252' title='bbox 1000 3485 1008 3498; x_wconf 92' lang='lat'><strong>.</strong></span> <span class='ocrx_word' id='word_1_253' title='bbox 1022 3433 1179 3500; x_wconf 87' lang='lat' dir='ltr'>..Verum</span> <span class='ocrx_word' id='word_1_254' title='bbox 1213 3435 1290 3502; x_wconf 87' lang='lat' dir='ltr'>licet</span> <span class='ocrx_word' id='word_1_255' title='bbox 1319 3436 1416 3501; x_wconf 87' lang='lat' dir='ltr'>maior</span> 
     </span>
     <span class='ocr_line' id='line_1_30' title="bbox 264 3538 1414 3625; baseline 0 -19"><span class='ocrx_word' id='word_1_256' title='bbox 264 3547 372 3606; x_wconf 91' lang='lat' dir='ltr'>noster</span> <span class='ocrx_word' id='word_1_257' title='bbox 396 3561 460 3605; x_wconf 92' lang='lat' dir='ltr'>non</span> <span class='ocrx_word' id='word_1_258' title='bbox 485 3539 686 3604; x_wconf 88' lang='lat' dir='ltr'>mediocriter</span> <span class='ocrx_word' id='word_1_259' title='bbox 715 3538 895 3624; x_wconf 82' lang='lat' dir='ltr'>flagellatus</span> <span class='ocrx_word' id='word_1_260' title='bbox 926 3539 970 3604; x_wconf 92' lang='lat' dir='ltr'>sit</span> <span class='ocrx_word' id='word_1_261' title='bbox 992 3543 1025 3604; x_wconf 88' lang='lat' dir='ltr'>et</span> <span class='ocrx_word' id='word_1_262' title='bbox 1047 3539 1145 3624; x_wconf 84' lang='lat' dir='ltr'>longo</span> <span class='ocrx_word' id='word_1_263' title='bbox 1167 3545 1313 3625; x_wconf 87' lang='lat' dir='ltr'>tempore</span> <span class='ocrx_word' id='word_1_264' title='bbox 1337 3542 1414 3606; x_wconf 87' lang='lat' dir='ltr'>leta·</span> 
     </span>
     <span class='ocr_line' id='line_1_31' title="bbox 265 3645 1411 3730; baseline 0 -19"><span class='ocrx_word' id='word_1_265' title='bbox 265 3647 339 3711; x_wconf 87' lang='lat' dir='ltr'>liter</span> <span class='ocrx_word' id='word_1_266' title='bbox 363 3646 557 3730; x_wconf 80' lang='lat' dir='ltr'>egrotavarit</span> <span class='ocrx_word' id='word_1_267' title='bbox 580 3650 612 3708; x_wconf 89' lang='lat' dir='ltr'>et</span> <span class='ocrx_word' id='word_1_268' title='bbox 635 3646 673 3709; x_wconf 91' lang='lat' dir='ltr'>de</span> <span class='ocrx_word' id='word_1_269' title='bbox 696 3645 872 3708; x_wconf 88' lang='lat' dir='ltr'>commissis</span> <span class='ocrx_word' id='word_1_270' title='bbox 895 3645 1071 3728; x_wconf 86' lang='lat' dir='ltr'>penituerit</span> <span class='ocrx_word' id='word_1_271' title='bbox 1090 3667 1127 3712; x_wconf 85' lang='lat' dir='ltr'>nc</span> <span class='ocrx_word' id='word_1_272' title='bbox 1149 3648 1337 3714; x_wconf 87' lang='lat' dir='ltr'>beneficium</span> <span class='ocrx_word' id='word_1_273' title='bbox 1359 3648 1411 3711; x_wconf 90' lang='lat' dir='ltr'>ab·</span> 
     </span>
     <span class='ocr_line' id='line_1_32' title="bbox 263 3749 1413 3835; baseline 0.004 -21"><span class='ocrx_word' id='word_1_274' title='bbox 263 3750 435 3816; x_wconf 88' lang='lat' dir='ltr'>solucionis</span> <span class='ocrx_word' id='word_1_275' title='bbox 465 3749 606 3834; x_wconf 81' lang='lat' dir='ltr'>plenarie</span> <span class='ocrx_word' id='word_1_276' title='bbox 637 3749 832 3814; x_wconf 89' lang='lat' dir='ltr'>remissionis</span> <span class='ocrx_word' id='word_1_277' title='bbox 864 3752 1004 3816; x_wconf 89' lang='lat' dir='ltr'>omnium</span> <span class='ocrx_word' id='word_1_278' title='bbox 1044 3755 1245 3835; x_wconf 87' lang='lat' dir='ltr'>peccatorum</span> <span class='ocrx_word' id='word_1_279' title='bbox 1287 3775 1413 3819; x_wconf 88' lang='lat' dir='ltr'>suorum</span> 
     </span>
     <span class='ocr_line' id='line_1_33' title="bbox 266 3854 1412 3942; baseline 0.003 -22"><span class='ocrx_word' id='word_1_280' title='bbox 266 3858 357 3921; x_wconf 88' lang='lat' dir='ltr'>iuxta</span> <span class='ocrx_word' id='word_1_281' title='bbox 378 3856 587 3940; x_wconf 86' lang='lat' dir='ltr'>apostolicum</span> <span class='ocrx_word' id='word_1_282' title='bbox 612 3854 771 3920; x_wconf 89' lang='lat' dir='ltr'>indultum</span> <span class='ocrx_word' id='word_1_283' title='bbox 805 3877 904 3922; x_wconf 89' lang='lat' dir='ltr'>aeuo</span> <span class='ocrx_word' id='word_1_284' title='bbox 928 3858 1088 3941; x_wconf 88' lang='lat' dir='ltr'>spirituali</span> <span class='ocrx_word' id='word_1_285' title='bbox 1116 3867 1207 3942; x_wconf 88' lang='lat' dir='ltr'>patre</span> <span class='ocrx_word' id='word_1_286' title='bbox 1230 3861 1412 3936; x_wconf 74' lang='lat' dir='ltr'>obtinuerit,</span> 
     </span>
     <span class='ocr_line' id='line_1_34' title="bbox 264 3961 1414 4030; baseline 0 -4"><span class='ocrx_word' id='word_1_287' title='bbox 264 3961 492 4026; x_wconf 89' lang='lat' dir='ltr'>nichilominus</span> <span class='ocrx_word' id='word_1_288' title='bbox 522 3965 628 4026; x_wconf 87' lang='lat' dir='ltr'>tamen</span> <span class='ocrx_word' id='word_1_289' title='bbox 659 3966 887 4028; x_wconf 85' lang='lat' dir='ltr'>testamentum</span> <span class='ocrx_word' id='word_1_290' title='bbox 920 3963 1011 4028; x_wconf 93' lang='lat' dir='ltr'>nobis</span> <span class='ocrx_word' id='word_1_291' title='bbox 1046 3965 1201 4030; x_wconf 87' lang='lat' dir='ltr'>creditum</span> <span class='ocrx_word' id='word_1_292' title='bbox 1225 3965 1362 4030; x_wconf 87' lang='lat' dir='ltr'>fideliter</span> <span class='ocrx_word' id='word_1_293' title='bbox 1384 3967 1414 4028; x_wconf 86' lang='lat' dir='ltr'>et</span> 
     </span>
     <span class='ocr_line' id='line_1_35' title="bbox 263 4069 1412 4154; baseline -0.002 -22"><span class='ocrx_word' id='word_1_294' title='bbox 263 4089 353 4133; x_wconf 89' lang='lat' dir='ltr'>mora</span> <span class='ocrx_word' id='word_1_295' title='bbox 387 4071 573 4150; x_wconf 80' lang='lat' dir='ltr'>postergata</span> <span class='ocrx_word' id='word_1_296' title='bbox 606 4086 817 4149; x_wconf 79' lang='lat' dir='ltr'>exequamur,</span> <span class='ocrx_word' id='word_1_297' title='bbox 841 4073 876 4132; x_wconf 90' lang='lat' dir='ltr'>nt</span> <span class='ocrx_word' id='word_1_298' title='bbox 899 4069 925 4132; x_wconf 93' lang='lat' dir='ltr'>si</span> <span class='ocrx_word' id='word_1_299' title='bbox 957 4074 1092 4134; x_wconf 86' lang='lat' dir='ltr'>testator</span> <span class='ocrx_word' id='word_1_300' title='bbox 1126 4069 1412 4154; x_wconf 87' lang='lat' dir='ltr'>superedificaverit</span> 
     </span>
     <span class='ocr_line' id='line_1_36' title="bbox 263 4172 1410 4262; baseline 0.003 -27"><span class='ocrx_word' id='word_1_301' title='bbox 263 4193 360 4256; x_wconf 88' lang='lat' dir='ltr'>supra</span> <span class='ocrx_word' id='word_1_302' title='bbox 383 4172 636 4250; x_wconf 86' lang='lat' dir='ltr'>fundamentum,</span> <span class='ocrx_word' id='word_1_303' title='bbox 660 4173 742 4255; x_wconf 91' lang='lat' dir='ltr'>quod</span> <span class='ocrx_word' id='word_1_304' title='bbox 767 4177 816 4238; x_wconf 92' lang='lat' dir='ltr'>est</span> <span class='ocrx_word' id='word_1_305' title='bbox 835 4172 991 4252; x_wconf 79' lang='lat' dir='ltr'>Christus,</span> <span class='ocrx_word' id='word_1_306' title='bbox 1015 4176 1053 4240; x_wconf 89' lang='lat' dir='ltr'>de</span> <span class='ocrx_word' id='word_1_307' title='bbox 1078 4197 1142 4260; x_wconf 93' lang='lat' dir='ltr'>quo</span> <span class='ocrx_word' id='word_1_308' title='bbox 1167 4177 1272 4260; x_wconf 88' lang='lat' dir='ltr'>prirna</span> <span class='ocrx_word' id='word_1_309' title='bbox 1289 4173 1410 4262; x_wconf 83' lang='lat' dir='ltr'>Cor[in-</span> 
     </span>
     <span class='ocr_line' id='line_1_37' title="bbox 265 4275 1410 4367; baseline -0.001 -25"><span class='ocrx_word' id='word_1_310' title='bbox 265 4275 407 4364; x_wconf 88' lang='lat' dir='ltr'>thorum]</span> <span class='ocrx_word' id='word_1_311' title='bbox 425 4279 456 4358; x_wconf 80' lang='lat'>3,</span> <span class='ocrx_word' id='word_1_312' title='bbox 480 4278 578 4367; x_wconf 76' lang='lat' dir='ltr'>ligna,</span> <span class='ocrx_word' id='word_1_313' title='bbox 603 4277 712 4344; x_wconf 84' lang='lat' dir='ltr'>fenum</span> <span class='ocrx_word' id='word_1_314' title='bbox 729 4283 784 4343; x_wconf 92' lang='lat' dir='ltr'>aut</span> <span class='ocrx_word' id='word_1_315' title='bbox 800 4279 963 4363; x_wconf 81' lang='lat' dir='ltr'>stipulam,</span> <span class='ocrx_word' id='word_1_316' title='bbox 987 4284 1019 4345; x_wconf 92' lang='lat' dir='ltr'>et</span> <span class='ocrx_word' id='word_1_317' title='bbox 1041 4281 1067 4345; x_wconf 88' lang='lat' dir='ltr'>si</span> <span class='ocrx_word' id='word_1_318' title='bbox 1083 4281 1158 4346; x_wconf 91' lang='lat' dir='ltr'>binc</span> <span class='ocrx_word' id='word_1_319' title='bbox 1174 4303 1281 4346; x_wconf 87' lang='lat' dir='ltr'>secum</span> <span class='ocrx_word' id='word_1_320' title='bbox 1295 4279 1410 4364; x_wconf 86' lang='lat' dir='ltr'>aliquid</span> 
     </span>
    </p>
   </div>
   <div class='ocr_carea' id='block_1_3' title="bbox 831 4422 849 4456">
    <p class='ocr_par' dir='ltr' id='par_1_3' title="bbox 831 4422 849 4456">
     <span class='ocr_line' id='line_1_38' title="bbox 831 4422 849 4456; baseline 0 0"><span class='ocrx_word' id='word_1_321' title='bbox 831 4422 849 4456; x_wconf 57' lang='lat' dir='ltr'>a*</span> 
     </span>
    </p>
   </div>
   <div class='ocr_carea' id='block_1_4' title="bbox 335 4499 618 4558">
    <p class='ocr_par' dir='ltr' id='par_1_4' title="bbox 335 4499 618 4558">
     <span class='ocr_line' id='line_1_39' title="bbox 335 4499 618 4558; baseline -0.007 -2"><span class='ocrx_word' id='word_1_322' title='bbox 335 4505 346 4556; x_wconf 92' lang='lat' dir='ltr'>l</span> <span class='ocrx_word' id='word_1_323' title='bbox 367 4499 394 4556; x_wconf 83' lang='lat' dir='ltr'>S.</span> <span class='ocrx_word' id='word_1_324' title='bbox 414 4501 485 4556; x_wconf 90' lang='lat' dir='ltr'>oben</span> <span class='ocrx_word' id='word_1_325' title='bbox 505 4519 525 4556; x_wconf 87' lang='lat' dir='ltr'>s.</span> <span class='ocrx_word' id='word_1_326' title='bbox 548 4503 618 4558; x_wconf 67' lang='lat'>112¹.</span> 
     </span>
    </p>
   </div>
   <div class='ocr_carea' id='block_1_5' title="bbox 0 0 1500 5065">
    <p class='ocr_par' dir='ltr' id='par_1_5' title="bbox 0 0 1500 5065">
     <span class='ocr_line' id='line_1_40' title="bbox 0 0 1500 5065; baseline 0 0"><span class='ocrx_word' id='word_1_327' title='bbox 0 0 1500 5065; x_wconf 95' lang='lat' dir='ltr'> </span> 
     </span>
    </p>
   </div>
  </div>
 </body>
</html>
