3062 5068
788 367 853 436 208

245 547 504 634 singularissime.
556 542 652 610 Mitto
675 544 705 612 (1.
729 568 757 613 v.
775 544 943 612 almanach
965 545 1060 611 huius
1082 547 1158 612 anni
1180 569 1239 632 per
1262 569 1313 614 me
1334 547 1405 613 eol·

243 651 363 719 leetum
398 672 494 736 snper
516 648 645 714 civitate
668 647 952 736 Nurembergensi‚
980 672 1094 734 parum
1117 657 1175 717 aut
1198 653 1292 738 qnasi
1317 652 1407 717 nihil

243 779 262 821 a
277 757 407 822 civitate
419 755 611 841 augustensi
632 755 824 840 discrepans,
850 755 911 820 nisi
928 759 1083 841 qnantum
1099 757 1138 822 ad
1160 757 1271 843 aliqua
1286 779 1405 841 pamm
1509 749 1510 756 ¹

236 863 460 947 ,importantia
522 859 594 924 Vidi
628 860 681 926 hie
710 860 877 927 almanaelr
911 859 1058 947 Anguste
1090 861 1260 928 collectam
1284 868 1318 928 et
1340 885 1405 948 per

243 968 448 1052 impressores
480 971 601 1032 vestros
632 967 820 1050 impressum
844 969 1041 1052 incomptum
1066 969 1204 1034 maxima
1227 969 1307 1032 satis
1329 990 1405 1034 eor-

243 1073 382 1139 rectione
405 1072 561 1156 indigens,
590 1071 683 1138 sicuti
706 1072 834 1158 singula
857 1075 889 1138 in
912 1074 982 1157 ipso
1004 1073 1234 1159 perlustrando
1255 1074 1334 1139 vidi.

330 1177 457 1263 Scripta
487 1181 611 1257 vestra,
642 1199 704 1263 que
734 1178 918 1245 iamdudum
945 1180 1076 1244 nvobis
1105 1181 1327 1264 expectabam,
1362 1201 1407 1244 an
1510 1263 1511 1270 ἵ

244 1285 322 1368 ipsis
345 1284 494 1370 indignus
518 1288 575 1346 aut
597 1283 727 1349 omnino
743 1283 897 1348 oblivioni
921 1291 999 1369 aput
1023 1306 1078 1350 vos
1093 1286 1218 1351 deditus
1239 1285 1301 1350 sim
1324 1307 1404 1350 nes·
1510 1271 1511 1316 3

244 1391 301 1454 cio.
349 1389 464 1454 l‘orsan
493 1389 567 1452 dum
602 1390 717 1452 vestris
749 1389 936 1456 interessem
968 1391 1102 1476 nuptijn,
1125 1391 1289 1471 levitates,
1322 1413 1409 1474 quas

245 1499 322 1560 tune
345 1495 428 1560 letus
443 1494 494 1578 egi
511 1529 547 1540 -
574 1517 635 1580 que
652 1517 713 1560 non
738 1496 852 1580 exigue
863 1496 952 1561 fuere
967 1531 1011 1544 -—
1025 1496 1167 1561 animum
1183 1518 1220 1562 ae
1242 1496 1404 1562 calamum

245 1605 277 1665 et
302 1623 429 1666 manuni
453 1599 610 1666 scribendi
633 1600 671 1664 ad
688 1621 738 1664 me
754 1602 965 1665 retraxerunt.
998 1597 1082 1664 Nam
1102 1605 1263 1664 utrarum
1287 1601 1409 1680 fateor,

245 1707 290 1770 nil
314 1705 478 1772 iocundius
504 1705 583 1769 milri
608 1709 687 1783 erat,
710 1704 783 1768 dum
810 1704 1012 1794 eonversiene
1042 1703 1126 1769 dulei
1150 1705 1313 1770 vobiscum
1336 1705 1405 1770 irai

246 1813 400 1888 dabatur,
429 1811 579 1895 quoniam
612 1814 700 1874 totus
724 1810 755 1872 in
783 1810 933 1895 gaudium
964 1831 1071 1875 versus
1101 1831 1138 1876 ae
1160 1811 1207 1876 ita
1229 1811 1329 1876 letum
1356 1813 1405 1876 vi·
1511 1799 1512 1804 ἵ

245 1917 318 1981 dere
332 1916 411 1980 milri
429 1915 555 1980 videbar
577 1915 722 1994 erasisse,
757 1921 794 1979 ut
809 1936 901 1980 nemo
917 1915 1019 1998 magia
1034 1964 1040 1978 .
1056 1964 1084 1980 ..

782 2186 867 2261 103.

375 2311 568 2386 Hermann
597 2309 755 2386 Schedel
784 2335 834 2385 an
862 2311 972 2386 einen
999 2312 1282 2389 unbekannten.

603 2449 665 2506 alm.
686 2449 742 2506 224
760 2449 779 2507 f.
798 2449 875 2506 284».
912 2448 1042 2522 Goneept

247 2557 897 2644 Empfehlungdesdr.(}eorg
928 2557 1408 2643 Pfinaingderanrlen
1513 2638 1514 2664 χ

491 2661 1024 2748 Landshuterhoigehen
1047 2662 1153 2728 will.
1513 2679 1514 2682 ’

334 2786 365 2855 S.
389 2808 420 2872 p.
444 2792 544 2871 optat.
591 2786 773 2852 Reverendo
804 2791 904 2870 pater.
956 2785 1156 2852 Presentium
1187 2788 1352 2857 exhibitor
1376 2793 1408 2857 d.

248 2893 384 2960 Georius
411 2891 617 2976 Pfineaing¹‚
651 2893 849 2958 decretorum
882 2892 993 2958 (laetor
1019 2893 1068 2957 vir
1100 2892 1236 2977 insignis
1270 2897 1409 2963 seientia

248 3006 280 3065 et
302 3000 443 3066 moribus
478 2999 640 3084 preclarus
673 3000 796 3064 sineere
820 2997 901 3063 mihi
928 2997 1095 3064 affectione
1126 3003 1158 3063 et
1180 2999 1407 3068 familiaritate

247 3105 543 3185 eoniunetissimus‚
579 3104 653 3170 dum
676 3105 740 3170 iter
760 3125 869 3169 versus
893 3101 1110 3169 Laneahutam
1133 3104 1239 3187 ipsum
1262 3107 1407 3190 arripere

247 3210 481 3295 intelligerem,
516 3230 619 3276 mores
641 3211 745 3295 patrie
770 3210 887 3288 risere,
911 3208 1062 3275 noticiam
1086 3207 1166 3273 inibi
1191 3208 1333 3274 virorum
1357 3211 1406 3275 in·

248 3316 387 3402 signiam
411 3316 492 3380 inire
515 3316 684 3400 ipsumque
709 3335 859 3400 argaeos
889 3313 1056 3394 oblectari,
1079 3315 1127 3379 uti
1150 3314 1252 3379 virum
1278 3314 1405 3382 doctum

835 3423 855 3459 *

248 3487 439 3545 trimonialem
445 3487 619 3560 Moraperger
628 3491 658 3544 et
669 3489 704 3545 de
713 3489 729 3544 1
732 3505 824 3545 oanna
834 3486 998 3545 Manetario.
1006 3487 1102 3544 -Der
1108 3485 1191 3543 Liber
1198 3487 1405 3545 eommodornm

251 3575 387 3630 ruralium
407 3575 455 3630 des
475 3574 575 3630 Petrus
593 3575 627 3630 de
649 3575 820 3646 Cremencijs
851 3574 946 3629 warde
967 3575 1032 3629 llll
1052 3593 1085 3629 au
1102 3574 1255 3646 Augsbnrg
1272 3575 1410 3646 gedruckt

251 3661 363 3717 Danaeh
384 3661 526 3718 vielleieht
543 3679 576 3716 zu
594 3662 713 3718 datiren.

321 3752 334 3805 1
357 3749 420 3820 Vgl.
440 3749 508 3806 llber
526 3749 576 3804 ilrn
587 3749 668 3816 Wssl,
686 3749 796 3805 Nllrnb.
811 3749 1077 3807 Gelehrtenlexikon
1096 3750 1144 3816 111,
1157 3751 1217 3814 151,
1231 3749 1272 3805 St
1285 3747 1352 3809 chr.
1364 3751 1408 3812 x1.

249 3837 333 3892 4711.
372 3837 407 3892 llr
420 3839 499 3892 starb
510 3839 585 3895 1478.
622 3838 674 3894 Ein
693 3839 767 3893 briei
777 3856 832 3894 ron
851 3837 911 3892 ihm
928 3855 965 3893 an
982 3838 1043 3892 Sixt
1055 3837 1169 3900 'lneher¹
1186 3837 1253 3893 1473
1267 3838 1410 3910 juliabei

249 3923 272 3978 J.
287 3923 413 3992 11110111,
434 3925 610 3981 Veraeiehnie
628 3926 698 3981 aller
718 3927 885 3982 Genannten
915 3924 963 3980 des
983 3929 1127 3996 gremeren
1143 3925 1232 3980 Raths
1249 3925 1294 3981 42.
1334 3915 1410 3982 llber

249 4010 438 4083 beaiehungen
452 4029 484 4065 aa
498 4012 656 4066 Hartmann
672 4012 788 4068 Sebedel
807 4031 828 4066 s.
850 4013 1043 4067 Wattenbaeh
1062 4015 1081 4067 i.
1100 4013 1127 4067 (1.
1150 4011 1349 4084 Forselrnngan
1361 4013 1408 4079 XI,

249 4099 309 4154 3611.
347 4098 513 4154 Simonaleld
523 4098 541 4153 i.
555 4099 581 4155 d.
598 4099 739 4170 Abhdlgn.
753 4100 779 4154 (1.
795 4099 932 4155 Mtinehn.
945 4099 1080 4156 arnalli
1094 4101 1127 4156 el.
1142 4099 1205 4155 XIX
1227 4100 1275 4156 bd.
1285 4100 1327 4157 lll
1349 4103 1408 4158 abt

250 4187 309 4242 584.
346 4186 413 4241 Eine
432 4186 568 4242 abaehrilt
584 4189 633 4244 der
660 4189 810 4258 tragtdien
829 4187 878 4244 der
896 4187 1001 4244 Seneca
1026 4189 1056 4243 in
1073 4189 1135 4244 clm.
1154 4188 1207 4243 212
1225 4189 1410 4246 (111111101-

250 4273 358 4341 genden
377 4275 609 4332 sehlnsavermerlr
630 4277 789 4332 Hartmann
809 4275 955 4333 Schedela:
992 4277 1088 4332 »Hunc
1105 4276 1208 4330 librum
1228 4275 1331 4332 Senaee
1349 4293 1410 4348 per·

250 4359 361 4430 scripsit
378 4361 474 4418 doctor
492 4363 606 4419 (isariae
625 4366 780 4435 Plineaing.
823 4365 870 4436 qui
891 4365 960 4420 mihi
979 4383 1043 4421 enm
1063 4365 1156 4420 Padus
1175 4383 1226 4434 pre
1244 4364 1309 4420 aliia
1328 4365 1411 4420 rebus

250 4465 283 4502 ex
301 4448 439 4518 singulari
458 4451 584 4506 amieieia
602 4452 681 4507 dedit
711 4471 786 4508 anno
804 4451 910 4509 domini
924 4449 1141 4508 1100001111(
