2990 5068
806 413 867 477 122

259 584 437 650 Jehennam
461 585 599 652 student.
656 585 788 651 Gressus
818 591 890 651 tuos
921 609 978 672 per
1006 587 1100 652 aliam
1125 589 1208 653 riam
1233 589 1357 673 dirigas
1380 589 1419 651 ad

260 691 361 757 scolas
383 691 541 776 sapiencie
572 696 604 757 et
636 693 760 759 mistice
788 691 970 778 theologie,
1005 716 1066 779 que
1093 693 1222 759 mistica
1251 693 1421 780 theologia

260 800 383 861 tautum
409 797 531 863 excedit
553 795 751 862 scolasticam
774 797 988 884 theologiam,
1021 803 1058 864 ut
1080 799 1127 864 ait
1150 799 1263 865 doctor
1286 805 1421 864 sanctus

260 901 370 966 beatus
394 901 540 982 Thomas,
565 904 718 987 quantum
747 899 905 986 Seraphin
929 904 1054 970 excedit
1075 902 1235 970 Cherubin
1252 955 1345 971 .....
1379 903 1421 968 Et

258 1005 366 1072 differt
398 1008 504 1091 primo
534 1030 555 1072 a
576 1006 739 1092 theologia
768 1009 934 1074 scolastica
965 1031 1004 1074 ex
1036 1015 1130 1094 parte
1152 1009 1306 1090 subiecti,
1341 1011 1421 1096 quia

258 1111 422 1198 theologia
452 1111 617 1178 scolastica
650 1113 823 1179 subiectire
859 1119 907 1180 est
930 1115 962 1178 in
997 1114 1181 1192 intellectu,
1212 1115 1266 1180 sed
1288 1115 1421 1180 mistica

257 1217 430 1282 subiectira
453 1220 501 1282 est
523 1217 556 1282 in
578 1217 694 1285 affeetu
718 1223 750 1284 et
771 1220 948 1286 voluntate.
994 1219 1137 1286 Secunda
1160 1219 1347 1286 differeueia
1371 1224 1421 1285 est
1459 1269 1465 1286 .

258 1343 296 1386 ex
318 1325 411 1406 parte
433 1321 561 1403 obiecti,
584 1345 659 1387 nam
685 1323 853 1390 scolastica
875 1329 923 1390 est
941 1331 1086 1409 respectu
1110 1327 1187 1403 veri,
1215 1325 1342 1391 mistica
1367 1349 1418 1392 re-

256 1431 367 1512 spectu
389 1427 473 1492 boui.
519 1427 650 1494 Tereia:
673 1429 839 1495 scolastica
863 1431 967 1495 utitur
990 1431 1171 1496 nacionibus
1196 1429 1419 1496 conformibus

257 1531 488 1617 philosophicis
512 1533 699 1616 disciplinis,
724 1536 850 1600 mistica
872 1540 979 1601 autem
1004 1537 1109 1602 utitur
1133 1536 1288 1602 exercicio
1309 1538 1418 1602 virtu·

257 1641 337 1716 tum,
360 1639 609 1704 mortificacione
630 1639 858 1718 sensualitatis,
882 1641 1029 1707 oracione
1052 1645 1086 1707 et
1105 1641 1302 1726 aspiracione
1326 1663 1418 1707 amo

258 1743 388 1808 rossad
421 1743 523 1808 deum.
570 1742 707 1819 Quarta:
739 1745 905 1812 scolastica
936 1747 970 1811 in
1004 1747 1098 1814 scolis
1128 1746 1418 1831 disputaciouibus,

257 1848 310 1913 sed
334 1849 459 1914 mistica
473 1850 506 1914 in
523 1850 617 1916 scolis
632 1851 834 1917 oracionibus
850 1853 1038 1938 acquiritur.
1086 1851 1224 1928 Quinta:
1247 1853 1417 1918 scolastica

257 1952 395 2018 habetur
417 1975 476 2039 per
499 1955 663 2034 literatos,
687 1957 854 2023 misticae
878 1958 1021 2044 quolibet
1048 1957 1168 2023 Christi
1191 1958 1288 2036 fideli,
1311 1960 1414 2024 eciam

257 2060 281 2124 si
306 2060 404 2125 fuerit
426 2061 617 2127 muliercula
640 2061 806 2142 illiterata,
830 2068 867 2129 ut
888 2064 966 2129 dicit
989 2065 1073 2130 idem
1088 2063 1245 2128 Thomas:
1271 2063 1329 2128 »ln
1350 2086 1415 2150 qua

257 2165 409 2249 impletur
433 2165 513 2232 illud
537 2167 761 2250 ewangelium:
800 2165 980 2233 »Confiteor
1012 2169 1073 2233 tibi
1096 2188 1154 2232 rex
1176 2167 1236 2232 oeli
1260 2171 1293 2232 et
1315 2173 1414 2245 terre,

258 2268 333 2354 quia
349 2270 542 2336 abscondisti
559 2272 616 2337 hec
632 2293 651 2336 a
668 2269 703 2357 [f.
715 2272 793 2355 254]
810 2272 1008 2356 sapientibus
1024 2277 1056 2337 et
1071 2271 1283 2356 prudentibus
1306 2275 1339 2335 et
1363 2293 1408 2335 re·

257 2374 366 2440 velasti
384 2397 422 2440 ea
437 2376 588 2459 parvulis,
607 2377 666 2442 hoe
683 2380 731 2442 est
745 2376 950 2442 humilibus«
983 2377 1095 2444 Sexta:
1110 2377 1143 2440 in
1156 2377 1325 2442 scolastica
1340 2397 1413 2461 spe·

257 2480 395 2545 culativa
419 2481 560 2564 precedit
583 2482 776 2564 practicam,
810 2481 863 2545 sed
897 2481 929 2546 in
952 2483 1079 2548 mistica
1109 2481 1250 2566 practica
1273 2483 1415 2566 precedit

255 2585 508 2668 speculativam¹
533 2635 749 2652 ...........
778 2585 843 2652 llec
874 2586 1037 2674 theologia
1059 2587 1204 2666 mistica,
1245 2591 1283 2652 ut
1306 2588 1414 2672 iuquit

249 2690 313 2776 ¹ille
337 2690 448 2756 beatus
464 2691 603 2756 Thomas
619 2691 658 2756 de
677 2692 812 2777 Aquino,
837 2697 885 2758 est
900 2715 975 2758 vera
990 2693 1160 2777 sapiencia,
1186 2692 1217 2756 id
1234 2697 1284 2757 est
1301 2694 1413 2777 sapida

256 2795 393 2861 sciencia
416 2796 673 2876 christianorum,
697 2794 832 2862 aPaulo
848 2796 955 2863 celesti
972 2797 1142 2862 secretario
1166 2797 1288 2876 habita,
1313 2819 1409 2882 quarn

256 2901 398 2965 divinum
414 2899 607 2986 Dyonisium
623 2902 740 2980 docuit,
757 2903 813 2987 qui
830 2899 1001 2987 Dyonisius
1016 2900 1211 2967 Thimotheo
1226 2903 1259 2966 in
1281 2903 1412 2986 scriptis

258 3006 398 3092 reliquit,
417 3029 479 3092 que
494 3009 613 3090 scripta
629 3011 660 3071 et
672 3005 781 3090 plures
796 3010 953 3072 tractatus
970 3006 1118 3073 videlicet
1129 3005 1264 3073 Joaunis
1280 3008 1319 3073 de
1330 3007 1410 3073 Ger·

255 3133 342 3192 sona,
369 3112 445 3177 olim
469 3112 649 3196 cancellarij
663 3111 858 3190 Parisiansis,
880 3111 1069 3198 atHugonis
1085 3113 1123 3177 de
1141 3111 1251 3177 Palma
1271 3110 1409 3201 [11254‘]

256 3215 510 3283 carthusiensis¹
535 3217 573 3282 de
597 3216 654 3281 illa
679 3217 802 3283 mistica
825 3217 989 3301 theologia
1012 3218 1166 3302 proximis
1189 3218 1314 3285 effluxis
1341 3221 1409 3285 die-

256 3324 313 3387 bus
336 3323 437 3390 oculis
460 3322 639 3388 carnalibus
662 3323 804 3389 cursorie
827 3324 892 3389 ridi
910 3373 1024 3390 ......

346 3427 523 3512 Epistolam
548 3428 686 3494 scribere
708 3430 898 3514 inceperam,
927 3430 981 3494 sed
1005 3429 1182 3494 exuberans
1204 3431 1340 3495 materia
1362 3431 1409 3495 lo·

255 3533 371 3618 quendi
395 3555 458 3598 non
481 3535 675 3617 paciebatur,
698 3557 731 3600 se
755 3536 793 3600 ad
818 3535 989 3620 epistolare
1016 3535 1236 3618 compendium
1260 3538 1407 3601 coacturi.

256 3636 331 3701 Ideo
354 3637 386 3700 iu
411 3643 593 3703 sexternum
617 3661 673 3705 seu
694 3640 813 3706 librum
841 3641 978 3725 epistola
1000 3641 1110 3718 crevit,
1134 3645 1166 3705 et
1188 3641 1295 3706 evenit
1318 3640 1409 3706 Salo-
1485 3689 1486 3738 ,

256 3740 357 3806 monis
392 3743 543 3824 verbum,
576 3746 660 3830 quod
695 3745 912 3812 faciendorum
943 3747 1100 3812 librorum
1133 3768 1196 3812 non
1228 3747 1293 3811 erit
1324 3748 1406 3812 finis.
1485 3777 1486 3838 p

256 3843 389 3926 Ultimo,
413 3847 593 3915 dulcissime
616 3852 724 3928 frater,
749 3859 883 3937 rogote
909 3852 1034 3932 obnixe,
1059 3853 1165 3936 primo
1190 3857 1227 3917 ut
1250 3853 1337 3918 inter
1359 3873 1406 3917 se-

255 3952 409 4018 creeiorss
439 3953 585 4020 lacrimas
609 3961 680 4021 tuas
705 3957 750 4021 ibi
775 3959 835 4022 mei
865 3957 979 4022 offeras
1010 3959 1211 4035 memoriam,
1243 3957 1299 4023 ubi
1322 3959 1407 4042 patri

254 4059 338 4123 filius
351 4061 555 4144 ymmolatur,
580 4063 762 4141 secundum,
790 4070 827 4128 ut
847 4064 1105 4130 exhortacionem
1122 4085 1224 4128 meam
1245 4064 1359 4128 devote
1374 4067 1406 4127 et
1485 4115 1486 4168 l

254 4165 417 4247 pacienter
439 4167 595 4232 sustinere
618 4168 705 4248 relis,
731 4171 907 4249 attendens,
931 4171 1014 4255 quod
1038 4176 1070 4234 te
1095 4189 1219 4253 semper
1247 4169 1353 4234 amavi
1378 4175 1409 4234 et
1485 4227 1486 4246 ,

1485 4259 1486 4290 l

821 4327 838 4364 ss

326 4413 337 4465 l
358 4407 395 4464 lle
413 4411 509 4482 tolgan
527 4411 597 4466 noch
617 4411 709 4480 einige
727 4411 830 4467 andere
849 4411 1004 4468 doctrinae.
1057 4413 1074 4466 2
1093 4411 1175 4484 Hugo
1194 4432 1212 4471 a
1237 4413 1345 4481 Palma,
1365 4413 1404 4470 lle
1485 4473 1486 4480 ,

253 4497 358 4570 triplici
378 4499 425 4554 ria
444 4517 463 4556 ι.
484 4498 737 4564 Tabricius-Mansi,
759 4498 829 4555 Bibl.
850 4499 901 4564 lll,
920 4500 981 4556 276.
1485 4491 1486 4502 ’
