2990 5068
649 389 712 455 107

82 567 248 634 titudinis
270 591 312 634 ec·
329 565 431 633 omnis
456 563 585 630 ferenda
600 565 740 631 ¹fortuna
763 570 821 632 est.
868 565 952 632 Nam
968 573 1005 633 ut
1018 565 1163 636 Ciceroni
1181 559 1250 656 pla·-

82 677 151 750 cet,
179 696 216 737 ea
240 672 423 740 condicione
454 669 520 735 nati
543 667 680 750 sumus,¹
705 677 742 736 ιιι
773 673 923 757 quicquid
955 673 1076 738 adversi
1100 677 1251 752 evenerit,

82 801 178 862 equo
201 781 309 844 animo
330 777 414 842 terre
437 777 615 841 debeamus.
651 777 695 841 At
711 775 869 862 Virgilius
884 783 1010 843 noster:
1046 779 1170 844 »Multa
1186 781 1251 844 dies

83 885 267 970 variusque
289 883 381 949 labor
404 882 567 948 mutabilis
590 883 639 946 evi
663 883 776 947 retulit
792 883 825 946 in
850 883 972 961 melius,
996 885 1113 949 multos
1129 886 1252 951 alterna

83 991 237 1055 revisens
260 991 337 1056 lusit
360 989 448 1054 etin
476 987 577 1053 solido
600 1007 708 1054 rursus
730 989 859 1054 fortuna
887 988 1034 1054 locavit«
1085 987 1251 1056 ‚Omnium

84 1095 194 1160 esiam
223 1117 330 1162 rerum
350 1093 534 1160 vicissitudo
557 1099 635 1172 εει(
661 1095 707 1159 ait
723 1092 895 1158 Tereucius
918 1098 1001 1159 tuus.
1062 1093 1155 1159 Faxit
1176 1097 1251 1161 deus

84 1223 150 1265 sua
175 1201 407 1284 benignissima
430 1199 547 1284 gracia,
573 1204 610 1264 ut
634 1205 668 1265 et
689 1198 754 1282 hijs
777 1197 870 1264 malis
892 1201 1022 1264 taudem
1047 1201 1142 1265 finem
1165 1201 1250 1266 salu·

86 1307 185 1370 brem
210 1307 365 1390 imponat.
411 1303 492 1371 Vale
517 1327 676 1389 prospere,
701 1327 731 1389 p.
756 1309 867 1369 nostro
883 1303 923 1368 N.
948 1305 1047 1370 et..¹
1082 1304 1177 1370 fratri
1202 1327 1251 1370 ce-

84 1411 239 1496 terisque
260 1410 538 1494 consanguinitate
565 1410 658 1475 nobis
674 1409 855 1474 coniunctis
872 1408 1048 1492 plurimum
1064 1433 1115 1474 me
1131 1432 1251 1476 recom-

86 1518 222 1594 mends,
245 1515 453 1596 singulariter
484 1518 512 1581 d.
547 1517 670 1583 doctori
694 1515 747 1596 N,
770 1516 859 1581 cuius
881 1521 986 1581 tamen
1011 1518 1132 1600 scripta
1153 1517 1250 1583 semel

86 1623 203 1688 ridere
226 1645 384 1707 euperem.
432 1622 558 1701 Nescio,
584 1645 679 1709 qnam
694 1625 735 1687 ob
758 1645 882 1689 causam
908 1622 1162 1689 taciturnitatem
1178 1627 1252 1688 tan-

86 1735 159 1792 tam
186 1749 267 1812 erga
290 1749 341 1792 me
365 1729 523 1808 habuerit,
548 1751 618 1794 cum
642 1729 858 1813 superioribus
881 1731 972 1794 annis
996 1729 1179 1814 frequentes
1194 1751 1249 1794 sue

88 1835 230 1898 fuerunt
253 1833 337 1918 apud
359 1855 409 1898 me
432 1834 578 1918 epistole.
626 1834 673 1898 Ex
689 1831 877 1921 Augusta}

646 2213 706 2288 53.

93 2355 295 2428 Hermann
329 2353 483 2427 Schedel
514 2379 561 2426 su
589 2353 805 2428 Hartmann
829 2355 994 2428 Schedel.
1037 2355 1251 2451 [Augsburg

539 2477 635 2548 1463
665 2477 821 2571 herbst].

92 2635 161 2688 elur.
188 2629 241 2687 ⁸224
261 2631 280 2684 l.
298 2631 333 2685 26
351 2627 463 2698 einlage
491 2629 520 2683 in
543 2645 629 2686 verso.
667 2631 838 2687 Reinschrift
856 2633 928 2687 ohne
950 2633 1060 2688 adressa
1079 2632 1135 2688 und
1154 2635 1249 2688 crater·

611 2718 711 2774 schrift
722 2721 739 2774 ¹.

258 2842 552 2928 Schilderung
575 2844 648 2908 der
671 2851 769 2928 pest
792 2847 832 2909 in
854 2845 1092 2930 Augeturg.

185 2985 327 3051 Salutem
352 2985 520 3069 plurimam
553 2985 639 3050 dicit.
686 2984 802 3050 Patrue
834 2986 1002 3051 carissime.
1059 2985 1143 3051 'l'uae
1176 3007 1247 3070 per·

93 3097 229 3180 optatae
251 3112 359 3154 amore
382 3094 415 3154 et
437 3089 570 3154 earitate
594 3088 727 3154 refertas
749 3091 871 3175 suscepi
888 3091 997 3155 literas
1021 3096 1054 3155 et
1076 3093 1160 3177 qnod
1189 3091 1252 3174 hijs

92 3198 210 3264 diebus
232 3216 319 3260 meas
342 3196 381 3259 ad
405 3197 438 3258 te
459 3216 523 3259 non
547 3195 704 3275 dederim,
738 3219 800 3262 non
824 3197 983 3261 oblivione
1006 3197 1052 3261 tui
1076 3197 1107 3260 id
1132 3196 1251 3261 facturn

94 3325 168 3369 esse
192 3301 320 3378 credas,
353 3305 401 3365 set
425 3301 535 3385 pocius
558 3301 730 3367 multarum
761 3325 865 3367 rernm
894 3301 997 3386 culpa,
1028 3301 1194 3386 presertim
1220 3301 1251 3363 in

95 3410 161 3473 hac
182 3409 373 3490 tempestate
395 3406 512 3490 pestis,
547 3429 608 3491 que
635 3413 714 3490 aput
737 3427 793 3470 uos
817 3407 920 3470 adhuc
945 3405 1054 3469 acerbe
1077 3408 1251 3490 grassatur,

95 3520 135 3578 nt
160 3512 262 3598 magis
285 3513 324 3576 de
347 3511 439 3576 modo
462 3511 615 3576 moriendi
639 3513 786 3596 cogitem,
811 3533 906 3595 quam
930 3516 966 3575 ut
990 3511 1159 3595 epistulam
1183 3510 1248 3575 dic-

99 3627 171 3683 tare
194 3639 313 3682 eurem.
361 3615 449 3681 Etsi
476 3618 596 3697 liceret,
619 3618 734 3682 merito
757 3619 839 3682 hano
853 3618 955 3702 ipsam
979 3623 1099 3700 pestem
1123 3618 1251 3681 noxiam

98 3742 274 3799 execraret,
298 3743 359 3807 que
383 3743 444 3787 non
468 3723 560 3788 modo
583 3722 730 3788 fortunas
745 3723 908 3787 hominum
926 3729 957 3786 et
978 3723 1113 3786 salutem
1131 3723 1250 3788 iucom-

98 3828 202 3894 modis
224 3825 331 3893 affecit
354 3849 390 3892 ac
413 3825 614 3904 detrimento,
638 3830 687 3891 set
709 3831 742 3892 et
764 3849 826 3906 eos,
850 3828 905 3911 qui
928 3827 1007 3891 mihi
1032 3827 1154 3892 comodi
1179 3828 1250 3910 plu-

668 3931 686 3972 e

173 4021 186 4074 1
207 4019 317 4074 ldarcus
335 4017 552 4074 undJohannes.
589 4017 644 4072 Der
663 4018 737 4072 brlel
753 4021 789 4073 ist
809 4019 869 4074 also
888 4017 963 4074 nach
972 4017 1123 4088 Nitrnberg
1142 4019 1251 4087 gerich-

99 4111 151 4164 ιιι.
187 4105 531 4162 Autenthaltsnachweiss
553 4106 728 4161 Hartmanna
753 4106 818 4164 dort
844 4124 865 4163 s.
884 4107 1075 4162 Wattenbaoh
1102 4107 1120 4160 l,
1140 4123 1161 4161 c.
1211 4106 1252 4161 lm

98 4197 217 4266 concept
235 4193 309 4250 fehlt
327 4193 417 4250 dieser
436 4193 542 4249 achluss
560 4193 656 4261 leider,
675 4211 704 4250 eo
715 4194 779 4249 dass
793 4196 843 4249 wir
861 4194 939 4250 nicht
951 4193 1108 4250 lestetellen
1130 4193 1250 4258 konnen,

101 4300 157 4338 wer
175 4279 440 4347 dedecoretur,
460 4281 510 4338 der
519 4280 589 4337 doct
608 4281 680 4339 wohl
700 4282 731 4335 in
743 4281 895 4351 Ndrnberg
910 4282 1027 4351 gesucht
1045 4282 1158 4337 werden
1169 4299 1251 4336 musa.

100 4367 253 4425 Vielleioht
263 4369 369 4435 Zulner,
389 4388 410 4425 s.
430 4387 474 4425 nr.
486 4371 529 4424 55.
577 4371 593 4424 2
615 4367 715 4439 Wenig
728 4368 936 4425 abueiehendea
948 4371 1063 4440 concept
1073 4369 1094 4424 f.
1106 4363 1181 4432 288l,
1198 4369 1248 4424 da·

100 4457 172 4514 uach
191 4475 255 4513 anm
274 4457 389 4528 rotigen
408 4457 532 4529 gestellt,
551 4457 612 4513 eine
631 4460 703 4512 erate
721 4455 883 4511 reinsohritt
903 4455 921 4510 l.
942 4455 976 4509 98
995 4456 1114 4527 eiulage.
