<?xml version="1.0" encoding="UTF-8"?>
<!DOCTYPE html PUBLIC "-//W3C//DTD XHTML 1.0 Transitional//EN"
    "http://www.w3.org/TR/xhtml1/DTD/xhtml1-transitional.dtd">
<html xmlns="http://www.w3.org/1999/xhtml" xml:lang="en" lang="en">
 <head>
  <title>
</title>
<meta http-equiv="Content-Type" content="text/html;charset=utf-8" />
  <meta name='ocr-system' content='tesseract 3.04.00' />
  <meta name='ocr-capabilities' content='ocr_page ocr_carea ocr_par ocr_line ocrx_word'/>
</head>
<body>
  <div class='ocr_page' id='page_1' title='image "./hermannschedels00schegoog_0218.png"; bbox 0 0 3062 5068; ppageno 0'>
   <div class='ocr_carea' id='block_1_1' title="bbox 799 580 860 652">
    <p class='ocr_par' dir='ltr' id='par_1_1' title="bbox 799 580 860 652">
     <span class='ocr_line' id='line_1_1' title="bbox 799 580 860 652; baseline -0.049 0"><span class='ocrx_word' id='word_1_1' title='bbox 799 580 860 652; x_wconf 84' lang='grc'><strong>97.</strong></span> 
     </span>
    </p>
   </div>
   <div class='ocr_carea' id='block_1_2' title="bbox 256 733 1419 833">
    <p class='ocr_par' dir='ltr' id='par_1_2' title="bbox 256 733 1419 833">
     <span class='ocr_line' id='line_1_2' title="bbox 256 733 1419 833; baseline -0.003 -25"><span class='ocrx_word' id='word_1_2' title='bbox 256 736 446 809; x_wconf 82' lang='lat' dir='ltr'><strong>Hermann</strong></span> <span class='ocrx_word' id='word_1_3' title='bbox 464 735 619 810; x_wconf 86' lang='lat' dir='ltr'><strong>Schedel</strong></span> <span class='ocrx_word' id='word_1_4' title='bbox 638 760 685 808; x_wconf 82' lang='lat' dir='ltr'><strong>en</strong></span> <span class='ocrx_word' id='word_1_5' title='bbox 697 735 874 808; x_wconf 84' lang='lat' dir='ltr'><strong>Valentin</strong></span> <span class='ocrx_word' id='word_1_6' title='bbox 891 735 1013 833; x_wconf 80' lang='lat' dir='ltr'><strong>[Eber.</strong></span> <span class='ocrx_word' id='word_1_7' title='bbox 1037 733 1236 827; x_wconf 78' lang='lat' dir='ltr'><strong>Nitrnborg</strong></span> <span class='ocrx_word' id='word_1_8' title='bbox 1256 733 1392 830; x_wconf 76' lang='lat'>14751.</span> <span class='ocrx_word' id='word_1_9' title='bbox 1408 745 1419 782; x_wconf 86' lang='lat'><strong>¹</strong></span> 
     </span>
    </p>
   </div>
   <div class='ocr_carea' id='block_1_3' title="bbox 419 889 1241 1102">
    <p class='ocr_par' dir='ltr' id='par_1_3' title="bbox 419 889 1241 1102">
     <span class='ocr_line' id='line_1_3' title="bbox 615 889 1047 962; baseline 0 -16"><span class='ocrx_word' id='word_1_10' title='bbox 615 892 678 946; x_wconf 88' lang='lat' dir='ltr'><strong>clm.</strong></span> <span class='ocrx_word' id='word_1_11' title='bbox 697 891 786 948; x_wconf 78' lang='grc'><strong>2241.</strong></span> <span class='ocrx_word' id='word_1_12' title='bbox 806 891 878 946; x_wconf 62' lang='lat'>278⁵.</span> <span class='ocrx_word' id='word_1_13' title='bbox 917 889 1047 962; x_wconf 69' lang='lat' dir='ltr'><strong>concept.</strong></span> 
     </span>
     <span class='ocr_line' id='line_1_4' title="bbox 419 1014 1241 1102; baseline -0.002 -22"><span class='ocrx_word' id='word_1_14' title='bbox 419 1014 710 1102; x_wconf 80' lang='lat' dir='ltr'><strong>Empfehlnng</strong></span> <span class='ocrx_word' id='word_1_15' title='bbox 732 1017 799 1082; x_wconf 85' lang='lat' dir='ltr'><strong>dee</strong></span> <span class='ocrx_word' id='word_1_16' title='bbox 823 1015 874 1082; x_wconf 85' lang='lat' dir='ltr'><strong>dr.</strong></span> <span class='ocrx_word' id='word_1_17' title='bbox 898 1015 1056 1082; x_wconf 84' lang='lat' dir='ltr'><strong>Conred</strong></span> <span class='ocrx_word' id='word_1_18' title='bbox 1078 1014 1241 1082; x_wconf 77' lang='lat' dir='ltr'><strong>Schttn</strong></span> 
     </span>
    </p>
   </div>
   <div class='ocr_carea' id='block_1_4' title="bbox 252 1152 1424 2608">
    <p class='ocr_par' dir='ltr' id='par_1_4' title="bbox 252 1152 1424 2293">
     <span class='ocr_line' id='line_1_5' title="bbox 254 1152 1424 1240; baseline -0.003 -18"><span class='ocrx_word' id='word_1_19' title='bbox 254 1206 262 1222; x_wconf 90' lang='lat'><strong>.</strong></span> <span class='ocrx_word' id='word_1_20' title='bbox 281 1207 312 1223; x_wconf 93' lang='lat'><strong>..</strong></span> <span class='ocrx_word' id='word_1_21' title='bbox 333 1205 340 1221; x_wconf 92' lang='lat'><strong>.</strong></span> <span class='ocrx_word' id='word_1_22' title='bbox 359 1153 479 1221; x_wconf 88' lang='lat' dir='ltr'><strong>Doctor</strong></span> <span class='ocrx_word' id='word_1_23' title='bbox 489 1152 652 1220; x_wconf 76' lang='lat' dir='ltr'><strong>conradus</strong></span> <span class='ocrx_word' id='word_1_24' title='bbox 662 1155 791 1236; x_wconf 80' lang='lat' dir='ltr'><strong>Schum,</strong></span> <span class='ocrx_word' id='word_1_25' title='bbox 815 1155 869 1240; x_wconf 89' lang='lat' dir='ltr'><strong>qui</strong></span> <span class='ocrx_word' id='word_1_26' title='bbox 890 1155 948 1220; x_wconf 81' lang='lat' dir='ltr'><strong>hae</strong></span> <span class='ocrx_word' id='word_1_27' title='bbox 963 1155 1052 1221; x_wconf 81' lang='lat' dir='ltr'><strong>vobis</strong></span> <span class='ocrx_word' id='word_1_28' title='bbox 1067 1177 1138 1221; x_wconf 86' lang='lat' dir='ltr'><strong>meo</strong></span> <span class='ocrx_word' id='word_1_29' title='bbox 1155 1155 1282 1221; x_wconf 88' lang='lat' dir='ltr'><strong>nomine</strong></span> <span class='ocrx_word' id='word_1_30' title='bbox 1297 1154 1424 1219; x_wconf 72' lang='lat' dir='ltr'><strong>licem</strong></span> 
     </span>
     <span class='ocr_line' id='line_1_6' title="bbox 254 1258 1423 1346; baseline -0.003 -22"><span class='ocrx_word' id='word_1_31' title='bbox 254 1260 374 1337; x_wconf 84' lang='lat' dir='ltr'><strong>reddet,</strong></span> <span class='ocrx_word' id='word_1_32' title='bbox 397 1259 477 1324; x_wconf 91' lang='lat' dir='ltr'><strong>mihi</strong></span> <span class='ocrx_word' id='word_1_33' title='bbox 500 1281 601 1339; x_wconf 79' lang='lat' dir='ltr'><strong>cerus,</strong></span> <span class='ocrx_word' id='word_1_34' title='bbox 625 1283 719 1346; x_wconf 87' lang='lat' dir='ltr'><strong>quem</strong></span> <span class='ocrx_word' id='word_1_35' title='bbox 743 1264 775 1325; x_wconf 87' lang='lat' dir='ltr'><strong>et</strong></span> <span class='ocrx_word' id='word_1_36' title='bbox 798 1259 867 1325; x_wconf 91' lang='lat' dir='ltr'><strong>loco</strong></span> <span class='ocrx_word' id='word_1_37' title='bbox 896 1258 1090 1325; x_wconf 75' lang='lat' dir='ltr'><strong>Valentini¹</strong></span> <span class='ocrx_word' id='word_1_38' title='bbox 1113 1282 1185 1326; x_wconf 83' lang='lat' dir='ltr'><strong>amo</strong></span> <span class='ocrx_word' id='word_1_39' title='bbox 1210 1265 1243 1325; x_wconf 92' lang='lat' dir='ltr'><strong>et</strong></span> <span class='ocrx_word' id='word_1_40' title='bbox 1264 1259 1423 1336; x_wconf 82' lang='lat' dir='ltr'><strong>observo,</strong></span> 
     </span>
     <span class='ocr_line' id='line_1_7' title="bbox 253 1365 1423 1454; baseline -0.003 -23"><span class='ocrx_word' id='word_1_41' title='bbox 253 1365 303 1431; x_wconf 82' lang='lat' dir='ltr'><strong>vir</strong></span> <span class='ocrx_word' id='word_1_42' title='bbox 327 1365 469 1449; x_wconf 79' lang='lat' dir='ltr'><strong>integer,</strong></span> <span class='ocrx_word' id='word_1_43' title='bbox 503 1366 592 1431; x_wconf 83' lang='lat' dir='ltr'><strong>cuius</strong></span> <span class='ocrx_word' id='word_1_44' title='bbox 623 1370 655 1430; x_wconf 89' lang='lat' dir='ltr'><strong>et</strong></span> <span class='ocrx_word' id='word_1_45' title='bbox 686 1366 718 1429; x_wconf 89' lang='lat' dir='ltr'><strong>in</strong></span> <span class='ocrx_word' id='word_1_46' title='bbox 749 1388 799 1430; x_wconf 90' lang='lat' dir='ltr'><strong>me</strong></span> <span class='ocrx_word' id='word_1_47' title='bbox 829 1367 934 1451; x_wconf 80' lang='lat' dir='ltr'><strong>pictae</strong></span> <span class='ocrx_word' id='word_1_48' title='bbox 966 1366 1180 1454; x_wconf 80' lang='lat' dir='ltr'><strong>singulorieve</strong></span> <span class='ocrx_word' id='word_1_49' title='bbox 1203 1365 1423 1432; x_wconf 79' lang='lat' dir='ltr'><strong>observancia</strong></span> 
     </span>
     <span class='ocr_line' id='line_1_8' title="bbox 254 1469 1422 1556; baseline -0.003 -20"><span class='ocrx_word' id='word_1_50' title='bbox 254 1469 438 1556; x_wconf 77' lang='lat' dir='ltr'><strong>postulent,</strong></span> <span class='ocrx_word' id='word_1_51' title='bbox 467 1470 641 1536; x_wconf 77' lang='lat' dir='ltr'><strong>cottidiano</strong></span> <span class='ocrx_word' id='word_1_52' title='bbox 664 1470 800 1556; x_wconf 86' lang='lat' dir='ltr'><strong>denique</strong></span> <span class='ocrx_word' id='word_1_53' title='bbox 823 1472 1035 1552; x_wconf 77' lang='lat' dir='ltr'><strong>consuetudo,</strong></span> <span class='ocrx_word' id='word_1_54' title='bbox 1067 1471 1134 1537; x_wconf 78' lang='lat' dir='ltr'><strong>vite</strong></span> <span class='ocrx_word' id='word_1_55' title='bbox 1157 1475 1190 1536; x_wconf 87' lang='lat' dir='ltr'><strong>ct</strong></span> <span class='ocrx_word' id='word_1_56' title='bbox 1215 1491 1321 1536; x_wconf 78' lang='lat' dir='ltr'><strong>mores</strong></span> <span class='ocrx_word' id='word_1_57' title='bbox 1345 1471 1422 1534; x_wconf 87' lang='lat' dir='ltr'><strong>exi·</strong></span> 
     </span>
     <span class='ocr_line' id='line_1_9' title="bbox 253 1575 1421 1663; baseline -0.001 -23"><span class='ocrx_word' id='word_1_58' title='bbox 253 1581 346 1662; x_wconf 84' lang='lat' dir='ltr'><strong>gunt,</strong></span> <span class='ocrx_word' id='word_1_59' title='bbox 369 1582 401 1640; x_wconf 87' lang='lat' dir='ltr'><strong>et</strong></span> <span class='ocrx_word' id='word_1_60' title='bbox 424 1579 460 1640; x_wconf 93' lang='lat' dir='ltr'><strong>ut</strong></span> <span class='ocrx_word' id='word_1_61' title='bbox 484 1577 593 1659; x_wconf 77' lang='lat' dir='ltr'><strong>paucis</strong></span> <span class='ocrx_word' id='word_1_62' title='bbox 610 1575 713 1641; x_wconf 85' lang='lat' dir='ltr'><strong>multe</strong></span> <span class='ocrx_word' id='word_1_63' title='bbox 732 1577 935 1661; x_wconf 79' lang='lat' dir='ltr'><strong>complector,</strong></span> <span class='ocrx_word' id='word_1_64' title='bbox 959 1577 1048 1642; x_wconf 83' lang='lat' dir='ltr'><strong>vobis</strong></span> <span class='ocrx_word' id='word_1_65' title='bbox 1064 1577 1236 1663; x_wconf 76' lang='lat' dir='ltr'><strong>aliquando</strong></span> <span class='ocrx_word' id='word_1_66' title='bbox 1252 1576 1322 1641; x_wconf 78' lang='lat' dir='ltr'><strong>euin</strong></span> <span class='ocrx_word' id='word_1_67' title='bbox 1345 1577 1421 1640; x_wconf 83' lang='lat' dir='ltr'><strong>vir-</strong></span> 
     </span>
     <span class='ocr_line' id='line_1_10' title="bbox 253 1679 1422 1768; baseline 0.001 -23"><span class='ocrx_word' id='word_1_68' title='bbox 253 1681 377 1745; x_wconf 78' lang='lat' dir='ltr'><strong>tutibus</strong></span> <span class='ocrx_word' id='word_1_69' title='bbox 399 1684 501 1746; x_wconf 82' lang='lat' dir='ltr'><strong>notus.</strong></span> <span class='ocrx_word' id='word_1_70' title='bbox 552 1679 669 1745; x_wconf 83' lang='lat' dir='ltr'><strong>Vestro</strong></span> <span class='ocrx_word' id='word_1_71' title='bbox 698 1679 840 1761; x_wconf 84' lang='lat' dir='ltr'><strong>coneilio,</strong></span> <span class='ocrx_word' id='word_1_72' title='bbox 863 1679 983 1746; x_wconf 77' lang='lat' dir='ltr'><strong>auxilio</strong></span> <span class='ocrx_word' id='word_1_73' title='bbox 1007 1682 1127 1766; x_wconf 82' lang='lat' dir='ltr'><strong>pariter</strong></span> <span class='ocrx_word' id='word_1_74' title='bbox 1142 1687 1174 1748; x_wconf 86' lang='lat' dir='ltr'><strong>et</strong></span> <span class='ocrx_word' id='word_1_75' title='bbox 1189 1681 1290 1748; x_wconf 76' lang='lat' dir='ltr'><strong>favori</strong></span> <span class='ocrx_word' id='word_1_76' title='bbox 1310 1679 1422 1768; x_wconf 87' lang='lat' dir='ltr'><strong>[eum]</strong></span> 
     </span>
     <span class='ocr_line' id='line_1_11' title="bbox 254 1784 1421 1871; baseline 0.001 -22"><span class='ocrx_word' id='word_1_77' title='bbox 254 1786 542 1852; x_wconf 80' lang='lat' dir='ltr'><strong>recommendatum</strong></span> <span class='ocrx_word' id='word_1_78' title='bbox 564 1785 656 1865; x_wconf 83' lang='lat' dir='ltr'><strong>focio,</strong></span> <span class='ocrx_word' id='word_1_79' title='bbox 679 1785 739 1850; x_wconf 82' lang='lat' dir='ltr'><strong>eibi</strong></span> <span class='ocrx_word' id='word_1_80' title='bbox 762 1784 796 1850; x_wconf 94' lang='lat' dir='ltr'><strong>in</strong></span> <span class='ocrx_word' id='word_1_81' title='bbox 819 1785 979 1850; x_wconf 78' lang='lat' dir='ltr'><strong>codicibus</strong></span> <span class='ocrx_word' id='word_1_82' title='bbox 994 1786 1183 1870; x_wconf 73' lang='lat' dir='ltr'><strong>prestantis,</strong></span> <span class='ocrx_word' id='word_1_83' title='bbox 1201 1787 1228 1851; x_wconf 86' lang='lat' dir='ltr'><strong>ei</strong></span> <span class='ocrx_word' id='word_1_84' title='bbox 1248 1807 1331 1871; x_wconf 84' lang='lat' dir='ltr'><strong>qnos</strong></span> <span class='ocrx_word' id='word_1_85' title='bbox 1357 1808 1421 1870; x_wconf 88' lang='lat' dir='ltr'><strong>pe-</strong></span> 
     </span>
     <span class='ocr_line' id='line_1_12' title="bbox 253 1889 1422 1975; baseline 0.001 -21"><span class='ocrx_word' id='word_1_86' title='bbox 253 1895 311 1971; x_wconf 84' lang='lat' dir='ltr'><strong>tet,</strong></span> <span class='ocrx_word' id='word_1_87' title='bbox 335 1891 520 1956; x_wconf 84' lang='lat' dir='ltr'><strong>benevolum</strong></span> <span class='ocrx_word' id='word_1_88' title='bbox 549 1896 580 1956; x_wconf 84' lang='lat' dir='ltr'><strong>et</strong></span> <span class='ocrx_word' id='word_1_89' title='bbox 603 1891 691 1975; x_wconf 89' lang='lat' dir='ltr'><strong>pium</strong></span> <span class='ocrx_word' id='word_1_90' title='bbox 716 1891 864 1956; x_wconf 83' lang='lat' dir='ltr'><strong>exhibere</strong></span> <span class='ocrx_word' id='word_1_91' title='bbox 885 1890 992 1956; x_wconf 83' lang='lat' dir='ltr'><strong>velitis</strong></span> <span class='ocrx_word' id='word_1_92' title='bbox 1007 1912 1063 1956; x_wconf 86' lang='lat' dir='ltr'><strong>oro</strong></span> <span class='ocrx_word' id='word_1_93' title='bbox 1087 1890 1274 1957; x_wconf 86' lang='lat' dir='ltr'><strong>humillime.</strong></span> <span class='ocrx_word' id='word_1_94' title='bbox 1326 1889 1422 1957; x_wconf 83' lang='lat' dir='ltr'><strong>Novi</strong></span> 
     </span>
     <span class='ocr_line' id='line_1_13' title="bbox 253 1993 1420 2082; baseline 0 -22"><span class='ocrx_word' id='word_1_95' title='bbox 253 1995 336 2060; x_wconf 89' lang='lat' dir='ltr'><strong>enim</strong></span> <span class='ocrx_word' id='word_1_96' title='bbox 365 2016 419 2060; x_wconf 84' lang='lat' dir='ltr'><strong>voe</strong></span> <span class='ocrx_word' id='word_1_97' title='bbox 443 1995 545 2059; x_wconf 86' lang='lat' dir='ltr'><strong>virum</strong></span> <span class='ocrx_word' id='word_1_98' title='bbox 569 2016 693 2079; x_wconf 80' lang='lat' dir='ltr'>semper</span> <span class='ocrx_word' id='word_1_99' title='bbox 717 1997 748 2059; x_wconf 94' lang='lat' dir='ltr'><strong>in</strong></span> <span class='ocrx_word' id='word_1_100' title='bbox 772 1993 959 2061; x_wconf 76' lang='lat' dir='ltr'>exhibendis</span> <span class='ocrx_word' id='word_1_101' title='bbox 975 1995 1200 2082; x_wconf 77' lang='lat' dir='ltr'><strong>largissimum,</strong></span> <span class='ocrx_word' id='word_1_102' title='bbox 1226 1994 1318 2061; x_wconf 80' lang='lat' dir='ltr'><strong>vobio</strong></span> <span class='ocrx_word' id='word_1_103' title='bbox 1343 1997 1420 2060; x_wconf 84' lang='lat' dir='ltr'><strong>oin-</strong></span> 
     </span>
     <span class='ocr_line' id='line_1_14' title="bbox 253 2099 1420 2186; baseline 0.003 -22"><span class='ocrx_word' id='word_1_104' title='bbox 253 2099 359 2185; x_wconf 78' lang='lat' dir='ltr'><strong>guleri</strong></span> <span class='ocrx_word' id='word_1_105' title='bbox 393 2100 501 2184; x_wconf 78' lang='lat' dir='ltr'>gracia</span> <span class='ocrx_word' id='word_1_106' title='bbox 535 2123 554 2164; x_wconf 79' lang='lat' dir='ltr'><strong>a</strong></span> <span class='ocrx_word' id='word_1_107' title='bbox 582 2121 705 2165; x_wconf 83' lang='lat' dir='ltr'><strong>summo</strong></span> <span class='ocrx_word' id='word_1_108' title='bbox 731 2101 851 2165; x_wconf 83' lang='lat' dir='ltr'><strong>delum.</strong></span> <span class='ocrx_word' id='word_1_109' title='bbox 908 2099 936 2164; x_wconf 83' lang='lat' dir='ltr'>A</span> <span class='ocrx_word' id='word_1_110' title='bbox 965 2124 1028 2186; x_wconf 87' lang='lat' dir='ltr'><strong>quo</strong></span> <span class='ocrx_word' id='word_1_111' title='bbox 1056 2101 1155 2168; x_wconf 81' lang='lat' dir='ltr'><strong>eciem</strong></span> <span class='ocrx_word' id='word_1_112' title='bbox 1189 2101 1420 2168; x_wconf 86' lang='lat' dir='ltr'><strong>condicionem</strong></span> 
     </span>
     <span class='ocr_line' id='line_1_15' title="bbox 252 2206 1420 2293; baseline 0.003 -24"><span class='ocrx_word' id='word_1_113' title='bbox 252 2211 365 2285; x_wconf 78' lang='lat' dir='ltr'><strong>statue,</strong></span> <span class='ocrx_word' id='word_1_114' title='bbox 389 2206 596 2271; x_wconf 79' lang='lat' dir='ltr'><strong>valitudinem</strong></span> <span class='ocrx_word' id='word_1_115' title='bbox 619 2207 786 2291; x_wconf 82' lang='lat' dir='ltr'><strong>utriusque</strong></span> <span class='ocrx_word' id='word_1_116' title='bbox 810 2206 947 2271; x_wconf 77' lang='lat' dir='ltr'><strong>hominio</strong></span> <span class='ocrx_word' id='word_1_117' title='bbox 971 2209 1033 2273; x_wconf 90' lang='lat' dir='ltr'><strong>mei</strong></span> <span class='ocrx_word' id='word_1_118' title='bbox 1056 2209 1152 2293; x_wconf 84' lang='lat' dir='ltr'><strong>plene</strong></span> <span class='ocrx_word' id='word_1_119' title='bbox 1177 2206 1377 2291; x_wconf 77' lang='lat' dir='ltr'><strong>intelligetis</strong></span> <span class='ocrx_word' id='word_1_120' title='bbox 1394 2206 1420 2272; x_wconf 81' lang='lat'><strong>³.</strong></span> 
     </span>
    </p>

    <p class='ocr_par' dir='ltr' id='par_1_5' title="bbox 252 2309 1418 2608">
     <span class='ocr_line' id='line_1_16' title="bbox 340 2309 1417 2398; baseline 0.001 -22"><span class='ocrx_word' id='word_1_121' title='bbox 340 2309 491 2394; x_wconf 73' lang='lat' dir='ltr'><strong>Optarem</strong></span> <span class='ocrx_word' id='word_1_122' title='bbox 514 2310 686 2396; x_wconf 85' lang='lat' dir='ltr'><strong>eliquendo</strong></span> <span class='ocrx_word' id='word_1_123' title='bbox 709 2333 728 2376; x_wconf 86' lang='lat' dir='ltr'><strong>e</strong></span> <span class='ocrx_word' id='word_1_124' title='bbox 748 2310 838 2376; x_wconf 82' lang='lat' dir='ltr'><strong>vobis</strong></span> <span class='ocrx_word' id='word_1_125' title='bbox 861 2310 1055 2396; x_wconf 82' lang='lat' dir='ltr'><strong>intelligere,</strong></span> <span class='ocrx_word' id='word_1_126' title='bbox 1079 2334 1215 2398; x_wconf 80' lang='lat' dir='ltr'><strong>quonum</strong></span> <span class='ocrx_word' id='word_1_127' title='bbox 1240 2311 1300 2376; x_wconf 85' lang='lat' dir='ltr'><strong>boc</strong></span> <span class='ocrx_word' id='word_1_128' title='bbox 1326 2317 1417 2377; x_wconf 85' lang='lat' dir='ltr'><strong>tem·</strong></span> 
     </span>
     <span class='ocr_line' id='line_1_17' title="bbox 253 2415 1418 2500; baseline 0.002 -20"><span class='ocrx_word' id='word_1_129' title='bbox 253 2419 379 2500; x_wconf 79' lang='lat' dir='ltr'><strong>pestate</strong></span> <span class='ocrx_word' id='word_1_130' title='bbox 401 2415 508 2498; x_wconf 78' lang='lat' dir='ltr'><strong>capito</strong></span> <span class='ocrx_word' id='word_1_131' title='bbox 543 2420 651 2481; x_wconf 79' lang='lat' dir='ltr'><strong>nostre</strong></span> <span class='ocrx_word' id='word_1_132' title='bbox 675 2417 748 2480; x_wconf 89' lang='lat' dir='ltr'><strong>boni</strong></span> <span class='ocrx_word' id='word_1_133' title='bbox 773 2419 829 2480; x_wconf 82' lang='lat' dir='ltr'><strong>eut</strong></span> <span class='ocrx_word' id='word_1_134' title='bbox 852 2416 927 2481; x_wconf 84' lang='lat' dir='ltr'><strong>meli</strong></span> <span class='ocrx_word' id='word_1_135' title='bbox 950 2416 1163 2496; x_wconf 76' lang='lat' dir='ltr'><strong>molirentur,</strong></span> <span class='ocrx_word' id='word_1_136' title='bbox 1187 2415 1418 2482; x_wconf 77' lang='lat' dir='ltr'><strong>turbulentam</strong></span> 
     </span>
     <span class='ocr_line' id='line_1_18' title="bbox 252 2520 1417 2608; baseline 0.003 -24"><span class='ocrx_word' id='word_1_137' title='bbox 252 2521 337 2584; x_wconf 89' lang='lat' dir='ltr'><strong>enim</strong></span> <span class='ocrx_word' id='word_1_138' title='bbox 360 2520 525 2586; x_wconf 77' lang='lat' dir='ltr'><strong>anxiemve</strong></span> <span class='ocrx_word' id='word_1_139' title='bbox 551 2521 584 2584; x_wconf 94' lang='lat' dir='ltr'><strong>in</strong></span> <span class='ocrx_word' id='word_1_140' title='bbox 615 2521 682 2586; x_wconf 83' lang='lat' dir='ltr'><strong>dies</strong></span> <span class='ocrx_word' id='word_1_141' title='bbox 704 2542 814 2586; x_wconf 83' lang='lat' dir='ltr'><strong>cursus</strong></span> <span class='ocrx_word' id='word_1_142' title='bbox 838 2521 947 2586; x_wconf 91' lang='lat' dir='ltr'><strong>mundi</strong></span> <span class='ocrx_word' id='word_1_143' title='bbox 978 2528 1121 2589; x_wconf 80' lang='lat' dir='ltr'><strong>nostrum</strong></span> <span class='ocrx_word' id='word_1_144' title='bbox 1145 2523 1245 2587; x_wconf 81' lang='lat' dir='ltr'><strong>vitem</strong></span> <span class='ocrx_word' id='word_1_145' title='bbox 1270 2521 1417 2608; x_wconf 76' lang='lat' dir='ltr'><strong>[lucere]</strong></span> 
     </span>
    </p>
   </div>
   <div class='ocr_carea' id='block_1_5' title="bbox 252 2625 1416 2815">
    <p class='ocr_par' dir='ltr' id='par_1_6' title="bbox 252 2625 1416 2815">
     <span class='ocr_line' id='line_1_19' title="bbox 252 2625 1416 2712; baseline 0.005 -23"><span class='ocrx_word' id='word_1_146' title='bbox 252 2631 284 2691; x_wconf 90' lang='lat' dir='ltr'><strong>et</strong></span> <span class='ocrx_word' id='word_1_147' title='bbox 308 2625 480 2690; x_wconf 87' lang='lat' dir='ltr'><strong>multorum</strong></span> <span class='ocrx_word' id='word_1_148' title='bbox 504 2627 647 2693; x_wconf 79' lang='lat' dir='ltr'><strong>malicias</strong></span> <span class='ocrx_word' id='word_1_149' title='bbox 669 2628 780 2711; x_wconf 76' lang='lat' dir='ltr'><strong>augeri</strong></span> <span class='ocrx_word' id='word_1_150' title='bbox 803 2627 974 2712; x_wconf 79' lang='lat' dir='ltr'><strong>conspicio,</strong></span> <span class='ocrx_word' id='word_1_151' title='bbox 996 2633 1032 2693; x_wconf 88' lang='lat' dir='ltr'><strong>ut</strong></span> <span class='ocrx_word' id='word_1_152' title='bbox 1049 2628 1151 2712; x_wconf 68' lang='lat' dir='ltr'><strong>magis</strong></span> <span class='ocrx_word' id='word_1_153' title='bbox 1174 2650 1190 2692; x_wconf 88' lang='lat' dir='ltr'><strong>e</strong></span> <span class='ocrx_word' id='word_1_154' title='bbox 1214 2627 1280 2692; x_wconf 84' lang='lat' dir='ltr'><strong>vite</strong></span> <span class='ocrx_word' id='word_1_155' title='bbox 1292 2676 1416 2695; x_wconf 94' lang='grc'><strong>.....</strong></span> 
     </span>
     <span class='ocr_line' id='line_1_20' title="bbox 254 2729 461 2815; baseline 0.019 -21"><span class='ocrx_word' id='word_1_156' title='bbox 254 2729 375 2813; x_wconf 88' lang='lat' dir='ltr'><strong>[bricht</strong></span> <span class='ocrx_word' id='word_1_157' title='bbox 397 2730 461 2815; x_wconf 85' lang='lat' dir='ltr'><strong>eb].</strong></span> 
     </span>
    </p>
   </div>
   <div class='ocr_carea' id='block_1_6' title="bbox 726 2823 933 2831">
    <p class='ocr_par' dir='ltr' id='par_1_7' title="bbox 726 2823 933 2831">
     <span class='ocr_line' id='line_1_21' title="bbox 726 2823 933 2831; baseline 0.005 -1"><span class='ocrx_word' id='word_1_158' title='bbox 726 2823 933 2831; x_wconf 74' lang='lat'>—————-</span> 
     </span>
    </p>
   </div>
   <div class='ocr_carea' id='block_1_7' title="bbox 801 2909 862 2983">
    <p class='ocr_par' dir='ltr' id='par_1_8' title="bbox 801 2909 862 2983">
     <span class='ocr_line' id='line_1_22' title="bbox 801 2909 862 2983; baseline 0 -1"><span class='ocrx_word' id='word_1_159' title='bbox 801 2909 862 2983; x_wconf 79' lang='lat'><strong>98.</strong></span> 
     </span>
    </p>
   </div>
   <div class='ocr_carea' id='block_1_8' title="bbox 253 3047 1418 3272">
    <p class='ocr_par' dir='ltr' id='par_1_9' title="bbox 253 3047 1418 3272">
     <span class='ocr_line' id='line_1_23' title="bbox 253 3047 1418 3149; baseline 0.008 -31"><span class='ocrx_word' id='word_1_160' title='bbox 253 3047 445 3121; x_wconf 80' lang='lat' dir='ltr'><strong>Hermann</strong></span> <span class='ocrx_word' id='word_1_161' title='bbox 474 3047 629 3124; x_wconf 86' lang='lat' dir='ltr'><strong>Schcdel</strong></span> <span class='ocrx_word' id='word_1_162' title='bbox 656 3075 705 3123; x_wconf 85' lang='lat' dir='ltr'><strong>an</strong></span> <span class='ocrx_word' id='word_1_163' title='bbox 733 3049 948 3124; x_wconf 82' lang='lat' dir='ltr'><strong>Hartmann</strong></span> <span class='ocrx_word' id='word_1_164' title='bbox 964 3047 1131 3124; x_wconf 85' lang='lat' dir='ltr'><strong>Schcdel.</strong></span> <span class='ocrx_word' id='word_1_165' title='bbox 1188 3048 1418 3149; x_wconf 80' lang='lat' dir='ltr'><strong>[Numberg</strong></span> 
     </span>
     <span class='ocr_line' id='line_1_24' title="bbox 637 3167 1065 3272; baseline 0.005 -26"><span class='ocrx_word' id='word_1_166' title='bbox 637 3174 734 3248; x_wconf 85' lang='grc'><strong>1475</strong></span> <span class='ocrx_word' id='word_1_167' title='bbox 768 3197 835 3250; x_wconf 89' lang='lat' dir='ltr'><strong>vor</strong></span> <span class='ocrx_word' id='word_1_168' title='bbox 859 3175 1026 3272; x_wconf 88' lang='lat' dir='ltr'><strong>october]</strong></span> <span class='ocrx_word' id='word_1_169' title='bbox 1040 3167 1065 3248; x_wconf 83' lang='lat'><strong>⁴.</strong></span> 
     </span>
    </p>
   </div>
   <div class='ocr_carea' id='block_1_9' title="bbox 611 3329 1043 3402">
    <p class='ocr_par' dir='ltr' id='par_1_10' title="bbox 611 3329 1043 3402">
     <span class='ocr_line' id='line_1_25' title="bbox 611 3329 1043 3402; baseline 0.009 -20"><span class='ocrx_word' id='word_1_170' title='bbox 611 3329 674 3385; x_wconf 90' lang='lat' dir='ltr'><strong>clm.</strong></span> <span class='ocrx_word' id='word_1_171' title='bbox 692 3329 745 3385; x_wconf 81' lang='grc'><strong>224</strong></span> <span class='ocrx_word' id='word_1_172' title='bbox 763 3331 781 3387; x_wconf 83' lang='lat' dir='ltr'><strong>f.</strong></span> <span class='ocrx_word' id='word_1_173' title='bbox 801 3329 875 3387; x_wconf 67' lang='lat'>27812.</span> <span class='ocrx_word' id='word_1_174' title='bbox 912 3329 1043 3402; x_wconf 78' lang='lat' dir='ltr'><strong>concept.</strong></span> 
     </span>
    </p>
   </div>
   <div class='ocr_carea' id='block_1_10' title="bbox 252 3452 1413 3538">
    <p class='ocr_par' dir='ltr' id='par_1_11' title="bbox 252 3452 1413 3538">
     <span class='ocr_line' id='line_1_26' title="bbox 252 3452 1413 3538; baseline 0.005 -22"><span class='ocrx_word' id='word_1_175' title='bbox 252 3452 491 3538; x_wconf 79' lang='lat' dir='ltr'><strong>Einledung</strong></span> <span class='ocrx_word' id='word_1_176' title='bbox 526 3475 602 3518; x_wconf 85' lang='lat' dir='ltr'><strong>zur</strong></span> <span class='ocrx_word' id='word_1_177' title='bbox 625 3455 828 3522; x_wconf 81' lang='lat' dir='ltr'><strong>hochceit</strong></span> <span class='ocrx_word' id='word_1_178' title='bbox 859 3457 1003 3521; x_wconf 84' lang='lat' dir='ltr'><strong>eeiner</strong></span> <span class='ocrx_word' id='word_1_179' title='bbox 1031 3455 1177 3521; x_wconf 89' lang='lat' dir='ltr'><strong>nichte</strong></span> <span class='ocrx_word' id='word_1_180' title='bbox 1200 3453 1413 3522; x_wconf 79' lang='lat' dir='ltr'><strong>Barbare.</strong></span> 
     </span>
    </p>
   </div>
   <div class='ocr_carea' id='block_1_11' title="bbox 250 3591 1416 3785">
    <p class='ocr_par' dir='ltr' id='par_1_12' title="bbox 250 3591 1416 3785">
     <span class='ocr_line' id='line_1_27' title="bbox 337 3591 1416 3681; baseline 0.005 -23"><span class='ocrx_word' id='word_1_181' title='bbox 337 3591 477 3658; x_wconf 79' lang='lat' dir='ltr'><strong>Salutem</strong></span> <span class='ocrx_word' id='word_1_182' title='bbox 502 3595 671 3679; x_wconf 81' lang='lat' dir='ltr'><strong>plurimam</strong></span> <span class='ocrx_word' id='word_1_183' title='bbox 696 3597 781 3664; x_wconf 86' lang='lat' dir='ltr'><strong>dicit.</strong></span> <span class='ocrx_word' id='word_1_184' title='bbox 832 3596 965 3681; x_wconf 83' lang='lat' dir='ltr'><strong>Aliquot</strong></span> <span class='ocrx_word' id='word_1_185' title='bbox 989 3596 1117 3662; x_wconf 77' lang='lat' dir='ltr'><strong>refluxio</strong></span> <span class='ocrx_word' id='word_1_186' title='bbox 1140 3596 1271 3676; x_wconf 81' lang='lat' dir='ltr'><strong>diebus,</strong></span> <span class='ocrx_word' id='word_1_187' title='bbox 1296 3596 1416 3663; x_wconf 87' lang='lat' dir='ltr'><strong>doctor</strong></span> 
     </span>
     <span class='ocr_line' id='line_1_28' title="bbox 250 3698 1414 3785; baseline 0.004 -24"><span class='ocrx_word' id='word_1_188' title='bbox 250 3698 379 3784; x_wconf 81' lang='lat' dir='ltr'><strong>egregie</strong></span> <span class='ocrx_word' id='word_1_189' title='bbox 402 3705 435 3762; x_wconf 88' lang='lat' dir='ltr'><strong>et</strong></span> <span class='ocrx_word' id='word_1_190' title='bbox 451 3704 564 3782; x_wconf 80' lang='lat' dir='ltr'><strong>patrue</strong></span> <span class='ocrx_word' id='word_1_191' title='bbox 581 3701 750 3779; x_wconf 71' lang='lat' dir='ltr'><strong>carissime,</strong></span> <span class='ocrx_word' id='word_1_192' title='bbox 778 3699 948 3766; x_wconf 71' lang='lat' dir='ltr'><strong>Barbarum</strong></span> <span class='ocrx_word' id='word_1_193' title='bbox 968 3701 1136 3785; x_wconf 81' lang='lat' dir='ltr'><strong>virginem,</strong></span> <span class='ocrx_word' id='word_1_194' title='bbox 1161 3699 1261 3764; x_wconf 81' lang='lat' dir='ltr'><strong>filiam</strong></span> <span class='ocrx_word' id='word_1_195' title='bbox 1287 3702 1414 3767; x_wconf 74' lang='lat' dir='ltr'><strong>sororis</strong></span> 
     </span>
    </p>
   </div>
   <div class='ocr_carea' id='block_1_12' title="bbox 249 3815 1412 4558">
    <p class='ocr_par' dir='ltr' id='par_1_13' title="bbox 794 3815 813 3850">
     <span class='ocr_line' id='line_1_29' title="bbox 794 3815 813 3850; baseline 0 0"><span class='ocrx_word' id='word_1_196' title='bbox 794 3815 813 3850; x_wconf 62' lang='lat' dir='ltr'><strong>e</strong></span> 
     </span>
    </p>

    <p class='ocr_par' dir='ltr' id='par_1_14' title="bbox 249 3871 1412 4558">
     <span class='ocr_line' id='line_1_30' title="bbox 323 3871 1412 3944; baseline 0.005 -18"><span class='ocrx_word' id='word_1_197' title='bbox 323 3874 336 3926; x_wconf 97' lang='grc'><strong>1</strong></span> <span class='ocrx_word' id='word_1_198' title='bbox 358 3871 475 3926; x_wconf 80' lang='lat' dir='ltr'><strong>Adreeee</strong></span> <span class='ocrx_word' id='word_1_199' title='bbox 493 3872 565 3927; x_wconf 72' lang='lat' dir='ltr'><strong>nach</strong></span> <span class='ocrx_word' id='word_1_200' title='bbox 577 3873 668 3927; x_wconf 89' lang='lat' dir='ltr'><strong>einem</strong></span> <span class='ocrx_word' id='word_1_201' title='bbox 681 3873 882 3929; x_wconf 69' lang='lat' dir='ltr'><strong>»Valentinum</strong></span> <span class='ocrx_word' id='word_1_202' title='bbox 902 3873 932 3928; x_wconf 89' lang='lat' dir='ltr'><strong>in</strong></span> <span class='ocrx_word' id='word_1_203' title='bbox 944 3873 993 3928; x_wconf 87' lang='lat' dir='ltr'><strong>der</strong></span> <span class='ocrx_word' id='word_1_204' title='bbox 1012 3873 1072 3928; x_wconf 85' lang='lat' dir='ltr'><strong>hier</strong></span> <span class='ocrx_word' id='word_1_205' title='bbox 1087 3873 1166 3928; x_wconf 88' lang='lat' dir='ltr'><strong>nicht</strong></span> <span class='ocrx_word' id='word_1_206' title='bbox 1185 3873 1412 3944; x_wconf 78' lang='lat' dir='ltr'><strong>ebgedrncktcn,</strong></span> 
     </span>
     <span class='ocr_line' id='line_1_31' title="bbox 251 3959 1411 4033; baseline 0.003 -21"><span class='ocrx_word' id='word_1_207' title='bbox 251 3963 328 4017; x_wconf 75' lang='lat' dir='ltr'><strong>const</strong></span> <span class='ocrx_word' id='word_1_208' title='bbox 345 3959 516 4016; x_wconf 81' lang='lat' dir='ltr'><strong>inbeltlccen</strong></span> <span class='ocrx_word' id='word_1_209' title='bbox 540 3961 705 4031; x_wconf 82' lang='lat' dir='ltr'><strong>einloitnng.</strong></span> <span class='ocrx_word' id='word_1_210' title='bbox 743 3963 846 4016; x_wconf 78' lang='lat' dir='ltr'><strong>Datum</strong></span> <span class='ocrx_word' id='word_1_211' title='bbox 874 3962 948 4018; x_wconf 76' lang='lat' dir='ltr'><strong>noch</strong></span> <span class='ocrx_word' id='word_1_212' title='bbox 967 3962 1018 4017; x_wconf 85' lang='lat' dir='ltr'><strong>der</strong></span> <span class='ocrx_word' id='word_1_213' title='bbox 1035 3961 1161 4033; x_wconf 80' lang='lat' dir='ltr'><strong>stellung</strong></span> <span class='ocrx_word' id='word_1_214' title='bbox 1179 3962 1218 4018; x_wconf 88' lang='lat' dir='ltr'><strong>im</strong></span> <span class='ocrx_word' id='word_1_215' title='bbox 1237 3960 1325 4020; x_wconf 83' lang='lat' dir='ltr'><strong>codex</strong></span> <span class='ocrx_word' id='word_1_216' title='bbox 1343 3979 1411 4017; x_wconf 69' lang='lat' dir='ltr'><strong>xum</strong></span> 
     </span>
     <span class='ocr_line' id='line_1_32' title="bbox 250 4047 1411 4118; baseline 0.003 -16"><span class='ocrx_word' id='word_1_217' title='bbox 250 4048 410 4117; x_wconf 77' lang='lat' dir='ltr'><strong>folgenden.</strong></span> <span class='ocrx_word' id='word_1_218' title='bbox 482 4047 581 4118; x_wconf 75' lang='lat' dir='ltr'><strong>cvgl.</strong></span> <span class='ocrx_word' id='word_1_219' title='bbox 600 4048 672 4104; x_wconf 88' lang='lat' dir='ltr'><strong>oben</strong></span> <span class='ocrx_word' id='word_1_220' title='bbox 690 4067 732 4104; x_wconf 88' lang='lat' dir='ltr'><strong>nr.</strong></span> <span class='ocrx_word' id='word_1_221' title='bbox 752 4051 793 4103; x_wconf 90' lang='grc'><strong>81.</strong></span> <span class='ocrx_word' id='word_1_222' title='bbox 884 4049 1013 4104; x_wconf 82' lang='lat' dir='ltr'><strong>8Dieeer</strong></span> <span class='ocrx_word' id='word_1_223' title='bbox 1031 4052 1092 4103; x_wconf 74' lang='lat' dir='ltr'><strong>ecte</strong></span> <span class='ocrx_word' id='word_1_224' title='bbox 1111 4051 1195 4106; x_wconf 74' lang='lat' dir='ltr'><strong>sollte</strong></span> <span class='ocrx_word' id='word_1_225' title='bbox 1214 4051 1289 4107; x_wconf 84' lang='lat' dir='ltr'><strong>wohl</strong></span> <span class='ocrx_word' id='word_1_226' title='bbox 1307 4050 1411 4107; x_wconf 76' lang='lat' dir='ltr'><strong>woiter</strong></span> 
     </span>
     <span class='ocr_line' id='line_1_33' title="bbox 250 4133 1411 4204; baseline 0.003 -14"><span class='ocrx_word' id='word_1_227' title='bbox 250 4135 320 4190; x_wconf 90' lang='lat' dir='ltr'><strong>oben</strong></span> <span class='ocrx_word' id='word_1_228' title='bbox 340 4134 443 4198; x_wconf 80' lang='lat' dir='ltr'><strong>(hinter</strong></span> <span class='ocrx_word' id='word_1_229' title='bbox 462 4151 510 4191; x_wconf 92' lang='lat' dir='ltr'><strong>oro</strong></span> <span class='ocrx_word' id='word_1_230' title='bbox 523 4133 713 4202; x_wconf 75' lang='lat' dir='ltr'><strong>humillimel)</strong></span> <span class='ocrx_word' id='word_1_231' title='bbox 732 4135 936 4204; x_wconf 79' lang='lat' dir='ltr'><strong>eingeschoben</strong></span> <span class='ocrx_word' id='word_1_232' title='bbox 956 4136 1075 4199; x_wconf 85' lang='lat' dir='ltr'><strong>werden,</strong></span> <span class='ocrx_word' id='word_1_233' title='bbox 1096 4135 1167 4192; x_wconf 86' lang='lat' dir='ltr'><strong>doch</strong></span> <span class='ocrx_word' id='word_1_234' title='bbox 1186 4136 1261 4192; x_wconf 80' lang='lat' dir='ltr'><strong>fehlt</strong></span> <span class='ocrx_word' id='word_1_235' title='bbox 1279 4137 1327 4193; x_wconf 84' lang='lat' dir='ltr'><strong>oin</strong></span> <span class='ocrx_word' id='word_1_236' title='bbox 1347 4155 1411 4194; x_wconf 78' lang='lat' dir='ltr'><strong>ver-</strong></span> 
     </span>
     <span class='ocr_line' id='line_1_34' title="bbox 250 4222 1409 4296; baseline 0.006 -22"><span class='ocrx_word' id='word_1_237' title='bbox 250 4222 510 4290; x_wconf 80' lang='lat' dir='ltr'><strong>weieungezeichen.</strong></span> <span class='ocrx_word' id='word_1_238' title='bbox 614 4227 631 4278; x_wconf 81' lang='lat'>4</span> <span class='ocrx_word' id='word_1_239' title='bbox 650 4223 705 4278; x_wconf 79' lang='lat' dir='ltr'><strong>Due</strong></span> <span class='ocrx_word' id='word_1_240' title='bbox 724 4223 822 4278; x_wconf 77' lang='lat' dir='ltr'><strong>datum</strong></span> <span class='ocrx_word' id='word_1_241' title='bbox 847 4223 886 4279; x_wconf 82' lang='lat' dir='ltr'><strong>iet</strong></span> <span class='ocrx_word' id='word_1_242' title='bbox 903 4225 1042 4294; x_wconf 78' lang='lat' dir='ltr'><strong>gosicbort</strong></span> <span class='ocrx_word' id='word_1_243' title='bbox 1060 4225 1148 4280; x_wconf 84' lang='lat' dir='ltr'><strong>durch</strong></span> <span class='ocrx_word' id='word_1_244' title='bbox 1168 4225 1221 4281; x_wconf 84' lang='lat' dir='ltr'><strong>den</strong></span> <span class='ocrx_word' id='word_1_245' title='bbox 1239 4226 1358 4296; x_wconf 70' lang='lat' dir='ltr'><strong>cintrng</strong></span> <span class='ocrx_word' id='word_1_246' title='bbox 1373 4227 1409 4281; x_wconf 90' lang='lat' dir='ltr'><strong>in</strong></span> 
     </span>
     <span class='ocr_line' id='line_1_35' title="bbox 252 4310 1407 4386; baseline 0.005 -23"><span class='ocrx_word' id='word_1_247' title='bbox 252 4310 424 4364; x_wconf 82' lang='lat' dir='ltr'><strong>Hertmenns</strong></span> <span class='ocrx_word' id='word_1_248' title='bbox 452 4310 658 4366; x_wconf 76' lang='lat' dir='ltr'><strong>beustetender</strong></span> <span class='ocrx_word' id='word_1_249' title='bbox 678 4312 750 4379; x_wconf 84' lang='lat' dir='ltr'><strong>[clm.</strong></span> <span class='ocrx_word' id='word_1_250' title='bbox 766 4313 840 4382; x_wconf 74' lang='lat'>5331:</span> <span class='ocrx_word' id='word_1_251' title='bbox 865 4313 932 4366; x_wconf 81' lang='lat'>1475</span> <span class='ocrx_word' id='word_1_252' title='bbox 951 4316 1006 4368; x_wconf 87' lang='lat' dir='ltr'><strong>oct.</strong></span> <span class='ocrx_word' id='word_1_253' title='bbox 1028 4314 1067 4370; x_wconf 76' lang='lat'><strong>17.</strong></span> <span class='ocrx_word' id='word_1_254' title='bbox 1088 4311 1268 4369; x_wconf 74' lang='lat' dir='ltr'><strong>»celebravit</strong></span> <span class='ocrx_word' id='word_1_255' title='bbox 1286 4312 1407 4386; x_wconf 79' lang='lat' dir='ltr'><strong>nupoine</strong></span> 
     </span>
     <span class='ocr_line' id='line_1_36' title="bbox 250 4397 1408 4472; baseline 0.007 -21"><span class='ocrx_word' id='word_1_256' title='bbox 250 4397 345 4454; x_wconf 86' lang='lat' dir='ltr'><strong>doctor</strong></span> <span class='ocrx_word' id='word_1_257' title='bbox 364 4397 540 4452; x_wconf 85' lang='lat' dir='ltr'><strong>Hermennm</strong></span> <span class='ocrx_word' id='word_1_258' title='bbox 558 4415 620 4452; x_wconf 90' lang='lat' dir='ltr'><strong>cum</strong></span> <span class='ocrx_word' id='word_1_259' title='bbox 646 4399 705 4454; x_wconf 81' lang='lat' dir='ltr'><strong>tilio</strong></span> <span class='ocrx_word' id='word_1_260' title='bbox 722 4400 848 4457; x_wconf 78' lang='lat' dir='ltr'><strong>sororis«.</strong></span> <span class='ocrx_word' id='word_1_261' title='bbox 888 4400 953 4472; x_wconf 81' lang='lat' dir='ltr'><strong>Vgl.</strong></span> <span class='ocrx_word' id='word_1_262' title='bbox 973 4401 1081 4457; x_wconf 82' lang='lat' dir='ltr'><strong>ebendc</strong></span> <span class='ocrx_word' id='word_1_263' title='bbox 1101 4402 1169 4459; x_wconf 79' lang='grc'><strong>1476</strong></span> <span class='ocrx_word' id='word_1_264' title='bbox 1189 4417 1252 4457; x_wconf 84' lang='lat' dir='ltr'><strong>nov.</strong></span> <span class='ocrx_word' id='word_1_265' title='bbox 1274 4403 1307 4458; x_wconf 83' lang='lat'><strong>2:</strong></span> <span class='ocrx_word' id='word_1_266' title='bbox 1341 4403 1408 4459; x_wconf 73' lang='lat' dir='ltr'><strong>›Po-</strong></span> 
     </span>
     <span class='ocr_line' id='line_1_37' title="bbox 249 4485 956 4558; baseline 0.001 -16"><span class='ocrx_word' id='word_1_267' title='bbox 249 4485 324 4558; x_wconf 85' lang='lat' dir='ltr'><strong>pcrit</strong></span> <span class='ocrx_word' id='word_1_268' title='bbox 341 4485 429 4540; x_wconf 76' lang='lat' dir='ltr'><strong>filiam</strong></span> <span class='ocrx_word' id='word_1_269' title='bbox 448 4485 619 4540; x_wconf 83' lang='lat' dir='ltr'><strong>Grunrnltin</strong></span> <span class='ocrx_word' id='word_1_270' title='bbox 637 4485 666 4540; x_wconf 90' lang='lat' dir='ltr'><strong>in</strong></span> <span class='ocrx_word' id='word_1_271' title='bbox 685 4487 800 4543; x_wconf 87' lang='lat' dir='ltr'><strong>meridie</strong></span> <span class='ocrx_word' id='word_1_272' title='bbox 818 4487 956 4545; x_wconf 72' lang='lat' dir='ltr'><strong>sebethi«</strong></span> 
     </span>
    </p>
   </div>
   <div class='ocr_carea' id='block_1_13' title="bbox 0 0 1536 5063">
    <p class='ocr_par' dir='ltr' id='par_1_15' title="bbox 0 0 1536 5063">
     <span class='ocr_line' id='line_1_38' title="bbox 0 0 1536 5063; baseline 0 0"><span class='ocrx_word' id='word_1_273' title='bbox 0 0 1536 5063; x_wconf 95' lang='lat' dir='ltr'><strong> </strong></span> 
     </span>
    </p>
   </div>
  </div>
 </body>
</html>
