3002 5070
629 412 669 478 13

78 599 106 656 et
127 615 198 658 sane
222 592 345 676 optimc
366 592 436 655 inre
461 590 627 668 laudanda,
644 587 836 672 peritissime
854 589 912 664 vir,
939 593 973 652 ut
989 608 1060 652 cum
1078 593 1223 672 prestans

79 697 156 762 domi
179 697 349 762 consilinm
371 697 561 762 institutum
583 699 674 774 esset,
698 694 776 758 foris
800 715 926 778 quoque
950 715 1012 757 non
1040 692 1145 758 minus
1169 715 1223 758 ex-

79 804 188 868 cubans
209 808 309 888 atque
331 802 503 886 invigilans
519 823 568 866 res
591 799 719 884 publica
741 800 981 883 comperiretur,
1010 819 1073 884 quc
1090 819 1151 877 eos,
1168 799 1223 884 qui

80 908 271 974 lacessissent
293 914 349 973 ant
382 913 568 988 vexassent,
592 907 773 990 reprimere,
807 905 972 983 mulctare,
1002 926 1039 969 ac
1070 905 1225 970 domitare

79 1013 222 1078 valerent.
273 1014 323 1078 Ad
350 1013 411 1079 hoc
433 1035 507 1080 vero
531 1013 711 1098 preclarum
739 1032 819 1096 opus
840 1011 945 1076 virum
963 1010 1146 1094 quempiam
1160 1030 1224 1074 non

80 1117 175 1184 solum
192 1117 413 1203 singularibus
428 1120 526 1184 animi
542 1118 725 1194 virtutibus,
742 1139 852 1183 verum
865 1116 962 1182 eciam
977 1117 1128 1200 precipuo
1144 1137 1223 1200 quo-

81 1224 145 1286 dam
173 1225 219 1288 rei
242 1223 372 1308 publice
395 1246 454 1289 usn
478 1225 638 1310 preditum
663 1222 826 1308 eligebant
849 1244 885 1288 ac
903 1223 935 1286 in
950 1243 1075 1288 summo
1090 1221 1225 1304 imperio

80 1328 281 1395 collocabant.
332 1328 385 1394 Sic
424 1331 509 1394 enim
539 1352 558 1393 a
584 1327 818 1412 sapientissima
840 1327 897 1392 illa
921 1326 1036 1393 Grecis
1059 1327 1218 1392 communi

82 1433 265 1516 populorum
290 1455 444 1499 consensu
469 1438 581 1500 contra
596 1431 807 1498 Troianorum
822 1432 959 1497 iniurias
982 1438 1014 1497 et
1038 1432 1224 1496 muliebrem

82 1539 218 1623 rapinam
244 1541 515 1625 Agamemnonem
540 1539 573 1602 in
597 1536 761 1603 decennali
795 1537 852 1602 illc
875 1536 960 1602 bello
983 1558 1092 1621 regum
1118 1557 1225 1622 regem

82 1650 111 1708 et
131 1644 244 1709 ducum
268 1646 380 1710 ducem
406 1647 543 1710 electum
566 1666 631 1710 esse
654 1644 805 1708 memorie
829 1644 991 1727 proditum
1017 1647 1073 1706 est.
1120 1641 1226 1708 Sient

82 1756 155 1832 aput
176 1755 301 1816 nostros
324 1749 484 1816 Romanos
507 1749 695 1833 Pompeium
729 1748 822 1813 illum
847 1770 998 1833 magnum
1022 1747 1132 1812 ducem
1157 1769 1223 1812 cre-

82 1861 163 1920 atum
185 1877 251 1920 csse
285 1855 386 1940 legis,
417 1861 454 1920 nt
475 1855 697 1919 ornatissimus
732 1860 840 1920 noster
862 1852 1050 1918 Francisous
1075 1852 1227 1918 Petrarca

85 1959 187 2042 pulcre
209 1960 248 2024 de
271 1960 340 2044 ipso
366 1966 602 2025 commemorat.
647 1958 736 2035 Quod
753 1960 880 2045 quidem
901 1959 1060 2043 optimum
1076 1980 1113 2023 ac
1127 1979 1227 2042 prope

85 2066 345 2146 pernecessarium
369 2066 565 2143 institutum,
589 2086 661 2130 cum
678 2066 736 2130 bec
751 2065 986 2149 sapientissima
1009 2065 1122 2128 civitas
1144 2069 1177 2128 et
1193 2065 1225 2127 in

84 2192 117 2233 ea
137 2170 372 2253 prudentissimi
397 2171 517 2236 domini
540 2171 660 2236 imitari
691 2170 811 2234 vellent
841 2191 976 2254 cumque
999 2169 1148 2253 diligenti
1171 2169 1226 2234 ad·

87 2273 183 2338 hibita
204 2297 279 2340 cura
296 2279 328 2340 et
348 2276 620 2340 animadversione
635 2277 743 2340 omnia
759 2275 865 2339 animo
881 2274 1131 2352 collustrassent,
1155 2275 1226 2340 nul-

85 2379 154 2458 lum,
185 2403 279 2465 quem
302 2381 340 2445 ad
364 2381 457 2446 huius
480 2382 564 2446 alme
584 2382 725 2447 civitatis
760 2403 795 2446 ac
818 2381 998 2446 felicissimi
1033 2381 1125 2445 buius
1154 2403 1227 2463 pre-

84 2486 176 2550 sentis
198 2491 302 2550 status
325 2486 460 2551 tutelam
484 2488 529 2552 rei
554 2487 681 2571 publice
705 2487 910 2570 preficerent,
948 2487 1072 2551 nullum
1095 2488 1226 2571 inquam

89 2591 183 2675 magis
205 2592 338 2674 dignum
362 2599 394 2656 et
409 2592 568 2677 ydoneum
584 2598 817 2676 compererunt,
841 2615 934 2676 quam
952 2599 983 2657 te
997 2591 1016 2671 ¹,
1038 2592 1227 2656 humanissi-

87 2718 131 2759 me
153 2695 361 2781 Sigiamunde.
408 2696 477 2762 Nec
499 2698 659 2763 immerito
683 2699 831 2782 quidem,
855 2699 1010 2780 superiori
1034 2699 1118 2762 enim
1147 2703 1228 2762 tem-

89 2823 168 2882 pore,
190 2808 226 2865 ut
241 2803 378 2868 veridice
394 2804 550 2882 intellexi,
574 2805 718 2898 preclara
734 2804 881 2868 habunde
897 2805 1084 2869 documenta
1102 2805 1228 2880 dedisti,

89 2928 145 2970 non
168 2907 269 2971 solum
293 2909 331 2972 de
354 2913 410 2972 tua
424 2908 581 2994 singulari
604 2909 674 2988 fide,
705 2910 884 2996 diligentis,
909 2910 1095 2994 integritate
1118 2915 1150 2973 et
1164 2910 1227 2974 ad-

89 3011 221 3076 mirabili
244 3014 378 3097 quadcm
403 3015 436 3078 in
458 3014 540 3078 banc
564 3037 629 3079 rem
654 3015 815 3098 publicam
839 3015 983 3094 caritate,
1007 3038 1079 3082 cum
1103 3015 1227 3079 nullum

88 3137 140 3197 pro
163 3117 205 3180 rei
230 3118 356 3200 publice
390 3117 492 3182 salute
521 3123 553 3182 et
585 3120 731 3202 profectu
762 3119 985 3202 subterfugere
1009 3120 1148 3185 laborem
1173 3124 1230 3184 ant

91 3220 257 3301 pericnlum
282 3223 423 3300 voluisti,
447 3230 495 3288 set
520 3224 617 3288 eciam
643 3225 853 3308 quantumin
878 3224 1060 3307 republica
1083 3224 1226 3302 consilio,

90 3327 258 3406 prudentia,
282 3329 473 3393 anctoritate
497 3331 662 3413 eloquendi
688 3336 721 3394 et
743 3329 899 3395 felicitate
923 3331 1036 3408 valeas,
1061 3331 1228 3413 experien-

90 3431 133 3493 tia
154 3432 228 3497 duce
250 3440 282 3497 et
306 3434 461 3517 magistro
484 3435 630 3499 omnibus
654 3435 759 3518 palam
783 3434 886 3500 fecisti
911 3440 943 3499 et
965 3436 1011 3498 ita
1033 3434 1122 3515 facis,
1146 3441 1228 3499 utet

95 3537 205 3616 priscos
224 3545 361 3618 nostroe,
385 3541 438 3624 qui
467 3541 548 3605 miro
573 3542 704 3616 ardore,
727 3561 824 3624 opera
847 3546 879 3604 et
903 3539 1010 3604 labore
1033 3540 1230 3622 reipublice

22 3651 24 3664 ’
92 3642 283 3724 prefuerunt,
308 3651 364 3710 tua
386 3647 544 3728 sapientia
567 3647 616 3710 vel
639 3667 790 3730 superare
812 3651 868 3710 aut
892 3667 1008 3730 equare
1031 3646 1140 3729 possis.

22 3833 23 3842 ἵ
171 3746 249 3814 Sunt
273 3751 357 3814 enim
374 3749 418 3833 hij
437 3751 571 3829 fructus,
595 3772 673 3836 quos
696 3752 841 3834 preclara
857 3751 916 3815 tibi
940 3751 1104 3814 literarum
1122 3751 1231 3815 studia

22 3855 23 3904 ἶ
98 3857 126 3913 et
146 3855 335 3936 optimarum
361 3856 477 3918 artium
503 3856 628 3920 cultura
651 3862 681 3919 et
704 3857 828 3920 labores
851 3861 1054 3938 pepererunt.
1086 3854 1167 3919 Nam
1185 3855 1231 3917 ita

22 3985 23 4016 r
92 3954 179 4022 libros
200 3959 375 4038 lectitasti,
411 3965 446 4024 ut
470 3960 613 4039 disceres,
636 3962 684 4025 ita
706 3961 854 4039 didicisti,
877 3967 913 4024 ut
938 3981 1160 4043 cognosceres,
1184 3959 1230 4023 ita

22 4091 23 4096 ,
647 4071 664 4108 a

93 4143 149 4202 brot
164 4149 200 4203 ist
212 4149 280 4204 1457
293 4149 395 4219 sieglcr
407 4151 464 4204 und
476 4150 546 4205 wird
561 4152 628 4207 1458
639 4151 855 4221 burgermeioter
875 4151 1069 4222 [Retsdelrrete
1082 4151 1120 4204 IV
1134 4151 1152 4204 f.
1166 4151 1231 4214 123;

22 4233 23 4250 ³
93 4228 146 4288 Vl.
165 4237 180 4289 5
197 4236 245 4292 des
264 4237 371 4307 Angsb.
390 4237 598 4309 rtadtarcbive.]
638 4239 732 4309 Vergl.
752 4238 957 4302 Wattenbach,
984 4237 1144 4307 Sigismund
1164 4235 1231 4294 Goa-

22 4331 24 4336 ’
95 4321 207 4378 sembrot
224 4325 241 4378 i.
260 4323 288 4380 d.
308 4323 467 4380 Zeitsebrilt
486 4327 505 4381 f.
525 4325 556 4382 G.
576 4327 602 4380 d.
623 4326 791 4382 Oberrheins
812 4325 896 4391 XXV,
916 4327 1028 4381 36-69.

22 4453 23 4456 ¹
155 4411 328 4482 lGorrlgirt
357 4429 407 4466 ans
435 4429 492 4476 vos,
519 4413 621 4469 ebenso
646 4411 742 4468 weiter
769 4416 855 4468 nnten
873 4413 969 4483 palam
988 4411 1080 4468 fecisti
1098 4430 1148 4466 aus
1166 4411 1231 4468 feci·

22 4525 23 4528 ¹
94 4497 270 4557 Quam
