2990 5068
647 423 709 492 147

95 615 174 664 tuus
190 601 275 664 enim
291 599 446 663 adventus
462 601 517 665 diu
540 624 559 664 a
581 624 632 666 me
656 604 841 684 expectatus
864 605 895 662 et
919 599 1009 664 avide
1036 605 1166 683 optatus
1189 601 1255 664 sin·

94 705 212 788 gulare
243 705 324 770 mihi
358 705 518 772 attulisset
549 706 712 772 solacium.
771 703 885 768 Merito
918 708 992 788 post
1024 709 1096 769 tuos
1130 705 1255 770 labores

93 817 130 876 et
155 810 363 876 infirmitates
387 811 482 876 huius
506 813 564 878 loci
597 812 678 876 aeris
710 816 742 876 et
774 810 1005 876 elementorum
1028 811 1200 894 temperies
1224 816 1257 875 et

94 920 256 982 amenitas
280 918 341 983 loci
365 940 422 1002 pre
445 919 560 983 ceteris
583 924 616 982 te
639 917 702 983 huc
724 915 929 995 attraxisset,
959 919 1008 980 set
1039 935 1096 980 our
1120 916 1178 981 hoe
1202 917 1256 980 da·

95 1027 169 1087 tum
193 1044 257 1087 non
281 1021 391 1102 luerit,
417 1024 515 1089 miror
539 1046 632 1109 quam
650 1022 866 1088 vehementer.
903 1020 1070 1105 ldgovero,
1094 1021 1147 1105 qui
1173 1021 1257 1085 sicut

94 1129 209 1193 asinus
241 1131 281 1194 ad
308 1151 440 1215 presepe
472 1129 612 1215 ligatus,
644 1127 833 1193 difficillime
867 1127 976 1190 abesse
998 1126 1105 1204 valeo,
1141 1127 1254 1190 nedum

96 1239 235 1318 propter
267 1234 451 1299 discrimina
486 1237 610 1300 viarum
638 1238 686 1299 set
714 1238 848 1317 propter
875 1232 965 1296 varia
996 1231 1056 1296 hoc
1078 1231 1258 1315 specialiter

96 1346 248 1422 tempore
276 1340 309 1404 in
342 1340 408 1405 dies
431 1342 652 1420 occurrencia,
685 1361 783 1425 quare
814 1359 898 1402 nunc
921 1343 953 1402 te
976 1338 1104 1403 comode
1126 1338 1258 1402 visitare

97 1465 237 1527 nequeo,
262 1452 445 1511 excusatum
472 1469 548 1531 ergo
571 1469 623 1512 me
645 1446 763 1510 habere
785 1445 873 1524 velis,
897 1444 1012 1509 obnixe
1035 1464 1123 1528 rogo.

192 1547 329 1615 ¹Libros
355 1553 554 1636 quamtocius
579 1556 691 1636 potero
714 1571 786 1614 cum
807 1549 952 1634 proxima
968 1552 1097 1614 vectura
1120 1549 1256 1614 mittam.
1294 1547 1297 1554 ’

95 1653 145 1718 De
172 1655 251 1720 meis
274 1657 357 1721 nihil
380 1658 438 1722 tibi
463 1679 537 1723 cure
561 1659 620 1736 sit,
652 1660 821 1721 contentos
843 1655 881 1720 de
904 1653 1009 1738 primo
1031 1651 1178 1718 canone¹
1203 1653 1257 1717 ha·

97 1759 215 1840 bando,
238 1760 277 1825 de
300 1763 413 1826 ceteris
437 1764 587 1848 quicquid
610 1767 718 1827 actum
734 1762 786 1840 sit,
810 1783 932 1826 summe
949 1760 1056 1844 placet
1078 1765 1110 1823 et
1134 1781 1258 1843 semper

94 1865 250 1948 placebit.
299 1865 345 1931 De
366 1867 522 1951 genitrice
544 1887 624 1944 mea,
648 1888 743 1951 quam
759 1865 963 1950 prochpudor
984 1865 1152 1931 mulierem
1170 1866 1257 1930 omni

96 1991 233 2034 rancore
267 1971 393 2054 plenam
417 1973 516 2038 sciam
544 1975 576 2036 et
606 1995 668 2056 que
701 1993 752 2038 me
775 1971 925 2055 convicijs
948 1971 1096 2055 pluribus
1118 1971 1257 2036 libenter

93 2081 179 2158 aput
217 2075 325 2159 plures
360 2079 557 2158 involveret,
606 2078 698 2142 doleo
731 2077 944 2142 vehementer.
998 2075 1070 2142 Scio
1101 2077 1258 2142 sororium

96 2203 206 2262 mcum
239 2187 331 2248 tante
364 2183 565 2251 discrecionis
595 2185 718 2263 virum,
751 2185 837 2268 quod
869 2184 965 2248 nullis
996 2183 1150 2248 conviciis
1187 2205 1258 2248 eam

94 2287 285 2352 molestaret
313 2289 354 2354 oh
382 2290 535 2356 honorem
571 2313 695 2368 meum,
726 2290 845 2356 sororis
874 2311 941 2354 mec
973 2309 1010 2354 ac
1032 2289 1175 2354 omnium
1199 2310 1256 2354 no·

94 2397 252 2472 atrorum,
280 2397 425 2478 quamvis
448 2419 511 2461 nou
533 2396 695 2475 iadoicr³,
720 2396 821 2461 inulta
844 2417 919 2480 egre
943 2396 1026 2460 ferre
1048 2395 1089 2460 ab
1111 2415 1166 2473 ea,
1198 2416 1258 2479 que

96 2497 206 2562 minus
229 2505 405 2582 pateretur,
428 2502 455 2564 si
478 2524 587 2567 amore
608 2503 669 2567 mei
694 2507 750 2566 aut
773 2501 907 2566 aliorum
939 2501 969 2566 id
994 2523 1057 2565 noa
1081 2499 1257 2565 tolleraret.

98 2605 307 2689 attemptari
332 2605 472 2692 meos(?)
496 2606 614 2686 literis,
650 2613 699 2672 set
721 2607 875 2672 hactenus
905 2628 1019 2690 parum
1049 2606 1185 2690 profeci,
1208 2610 1259 2670 set

95 2732 228 2795 semper
256 2712 288 2776 iu
319 2712 476 2777 deteriora
506 2719 621 2778 cuncta
657 2713 740 2778 verti
773 2717 805 2778 et
840 2711 913 2796 plus
948 2713 1119 2797 malignari
1154 2711 1256 2795 ipsam

94 2817 218 2880 sencio.
263 2815 345 2891 Quid
369 2817 471 2901 igitur
494 2841 600 2883 secum
623 2839 716 2904 agam
732 2823 789 2884 aut
805 2840 863 2902 per
878 2817 959 2885 alios
975 2818 1105 2902 penitus
1130 2817 1256 2901 ignoro.

95 2919 243 2986 Tandem
266 2921 401 2986 arbitrio
423 2943 490 3000 suo,
513 2945 711 3008 quecumque
735 2924 846 3002 libent,
870 2929 955 3008 agat.

671 3075 690 3110 ‘k

95 3167 179 3219 catus
207 3181 269 3217 sum
296 3165 378 3222 modo
396 3164 536 3221 Ludosico
558 3165 685 3234 Meoting
707 3182 741 3220 ex
769 3169 851 3237 parte
876 3165 1082 3221 mittendarum
1101 3183 1119 3220 a
1137 3169 1186 3232 te,
1210 3166 1259 3236 qui

96 3253 209 3316 amerit,
228 3253 306 3309 omni
324 3251 370 3307 die
387 3251 528 3308 damulam
547 3271 628 3308 suum
647 3271 710 3308 cum
729 3255 893 3324 mercancija
921 3271 939 3308 a
961 3253 1087 3324 Venecijs
1106 3257 1257 3310 venturam

97 3342 128 3395 in
149 3339 303 3410 lnsprnclr,
332 3339 408 3394 onius
433 3358 534 3398 nomen
562 3344 642 3398 extat
660 3341 805 3398 conradus
823 3341 988 3396 widmann.
1034 3339 1085 3395 Oui
1105 3340 1155 3396 aba
1174 3341 1259 3397 dubio

96 3443 274 3497 quecumque
292 3429 405 3484 mittere
423 3429 550 3492 volueris,
571 3446 633 3484 cum
647 3430 744 3486 eodem
763 3429 876 3485 mittere
891 3446 972 3496 cura3
992 3447 1048 3486 nou
1068 3428 1176 3494 dubito,
1189 3429 1256 3499 quin

97 3533 171 3570 onus
189 3515 262 3570 illud
282 3516 334 3571 mei
354 3515 461 3571 intuitu
480 3515 569 3570 libens
596 3516 710 3574 subibit.
749 3515 909 3570 didiscimus
927 3515 1015 3570 eciam
1034 3515 1147 3582 existit,
1172 3533 1260 3586 quare

98 3603 154 3656 sibi
175 3601 257 3658 iidem
277 3602 424 3658 indubiam
444 3607 473 3658 et
502 3604 644 3659 credulam
674 3605 822 3668 adhibeas,
850 3605 939 3658 eciam
959 3607 981 3658 si
1003 3605 1112 3660 maiora
1131 3603 1187 3673 hijs
1205 3604 1257 3659 sibi

98 3688 305 3746 committenda
318 3689 419 3746 forent.
458 3691 621 3761 Promptum
636 3690 692 3746 scio
705 3707 733 3746 ss
745 3691 896 3746 exhibebit.
936 3692 1108 3746 Scrutinium
1127 3709 1196 3762 ergo
1209 3710 1259 3762 per

99 3775 241 3833 famulum
260 3777 384 3847 aliquem
413 3778 448 3833 ds
472 3778 531 3833 eius
555 3779 680 3834 adventu
707 3779 837 3834 habeas«
887 3779 944 3835 Dae
964 3780 1033 3836 wird
1053 3780 1127 3836 wohl
1147 3779 1259 3836 hicrher

100 3865 225 3934 gchhren
243 3864 301 3918 und
318 3865 483 3922 Hartmann
502 3865 572 3922 wird
592 3867 641 3922 der
654 3867 782 3922 adressat
795 3867 861 3921 sein.
899 3854 975 3923 llbcr
989 3867 1107 3938 Ludwig
1123 3868 1259 3936 licuting,

99 3953 181 4008 einen
199 3953 312 4010 reichcn
331 3954 511 4026 Augsburger
529 3955 699 4018 kautherrn,
726 3973 747 4010 s.
768 3953 809 4014 St.
829 3956 892 4013 Chr.
914 3955 938 4010 V
963 3955 1021 4010 und
1040 3953 1135 4020 XXll,
1155 3954 1258 4025 passim

101 4041 158 4095 und
177 4041 232 4097 den
251 4041 326 4097 brief
343 4042 512 4097 Blumenaus
531 4043 613 4114 [oben
633 4062 676 4097 nr.
699 4045 733 4099 39
753 4045 809 4114 agl.
831 4043 1030 4113 Forschungeu
1051 4042 1197 4112 x1,353]‚
1217 4060 1260 4097 wo

100 4147 129 4184 ar
147 4129 191 4184 ala
210 4128 313 4185 freund
332 4130 489 4187 Hermanns
508 4133 639 4200 genennt
658 4131 708 4186 ist.

172 4219 184 4270 l
206 4213 265 4270 Das
277 4215 409 4286 folgende
420 4218 473 4272 aad
489 4217 648 4273 demselben
668 4217 760 4273 blatte
778 4218 849 4275 oben
869 4220 912 4274 als
930 4219 1107 4287 lortsetaung
1125 4217 1201 4272 eines
1219 4235 1259 4271 er-

100 4309 163 4361 sten
181 4304 333 4368 eutwnrls,
353 4305 451 4360 deseca
470 4305 580 4375 onlong
598 4306 797 4375 nachtrtglioh
815 4307 901 4362 durch
921 4308 973 4363 das
991 4307 1051 4364 hier
1070 4306 1261 4376 abgedruckte

99 4397 200 4450 ersetst
219 4394 265 4447 iat.
337 4394 353 4446 2
373 4392 555 4448 Avicsnnael
626 4393 828 4449 tinficiatur'l

579 4539 594 4546 .-
600 4539 784 4546 ——--—.-...—

997 4600 1052 4651 10*
