<?xml version="1.0" encoding="UTF-8"?>
<!DOCTYPE html PUBLIC "-//W3C//DTD XHTML 1.0 Transitional//EN"
    "http://www.w3.org/TR/xhtml1/DTD/xhtml1-transitional.dtd">
<html xmlns="http://www.w3.org/1999/xhtml" xml:lang="en" lang="en">
 <head>
  <title>
</title>
<meta http-equiv="Content-Type" content="text/html;charset=utf-8" />
  <meta name='ocr-system' content='tesseract 3.04.00' />
  <meta name='ocr-capabilities' content='ocr_page ocr_carea ocr_par ocr_line ocrx_word'/>
</head>
<body>
  <div class='ocr_page' id='page_1' title='image "./hermannschedels00schegoog_0035.png"; bbox 0 0 3002 5070; ppageno 0'>
   <div class='ocr_carea' id='block_1_1' title="bbox 660 429 700 493">
    <p class='ocr_par' dir='ltr' id='par_1_1' title="bbox 660 429 700 493">
     <span class='ocr_line' id='line_1_1' title="bbox 660 429 700 493; baseline -0.025 0"><span class='ocrx_word' id='word_1_1' title='bbox 660 429 700 493; x_wconf 81' lang='lat'>19</span> 
     </span>
    </p>
   </div>
   <div class='ocr_carea' id='block_1_2' title="bbox 94 599 1258 3956">
    <p class='ocr_par' dir='ltr' id='par_1_2' title="bbox 94 599 1258 3956">
     <span class='ocr_line' id='line_1_2' title="bbox 98 599 1247 682; baseline 0.003 -14"><span class='ocrx_word' id='word_1_2' title='bbox 98 607 174 668; x_wconf 88' lang='lat' dir='ltr'>tuos</span> <span class='ocrx_word' id='word_1_3' title='bbox 197 601 342 681; x_wconf 86' lang='lat' dir='ltr'>audiunt,</span> <span class='ocrx_word' id='word_1_4' title='bbox 367 599 551 668; x_wconf 81' lang='lat' dir='ltr'>alliciuntur</span> <span class='ocrx_word' id='word_1_5' title='bbox 572 603 702 682; x_wconf 85' lang='lat' dir='ltr'>dociles,</span> <span class='ocrx_word' id='word_1_6' title='bbox 725 604 841 670; x_wconf 76' lang='lat' dir='ltr'>attenti</span> <span class='ocrx_word' id='word_1_7' title='bbox 864 609 896 670; x_wconf 90' lang='lat' dir='ltr'>et</span> <span class='ocrx_word' id='word_1_8' title='bbox 920 605 1068 673; x_wconf 81' lang='lat' dir='ltr'>benivoli.</span> <span class='ocrx_word' id='word_1_9' title='bbox 1102 603 1171 674; x_wconf 85' lang='lat' dir='ltr'>Nec</span> <span class='ocrx_word' id='word_1_10' title='bbox 1193 607 1247 673; x_wconf 91' lang='lat' dir='ltr'>de·</span> 
     </span>
     <span class='ocr_line' id='line_1_3' title="bbox 95 707 1253 795; baseline 0.006 -24"><span class='ocrx_word' id='word_1_11' title='bbox 95 713 176 771; x_wconf 88' lang='lat' dir='ltr'>sunt</span> <span class='ocrx_word' id='word_1_12' title='bbox 198 708 260 771; x_wconf 92' lang='lat' dir='ltr'>tibi</span> <span class='ocrx_word' id='word_1_13' title='bbox 282 707 458 772; x_wconf 76' lang='lat' dir='ltr'>illustrium</span> <span class='ocrx_word' id='word_1_14' title='bbox 483 713 591 774; x_wconf 86' lang='lat' dir='ltr'>vatum</span> <span class='ocrx_word' id='word_1_15' title='bbox 614 715 773 793; x_wconf 88' lang='lat' dir='ltr'>poemata,</span> <span class='ocrx_word' id='word_1_16' title='bbox 805 710 921 795; x_wconf 86' lang='lat' dir='ltr'>quibus</span> <span class='ocrx_word' id='word_1_17' title='bbox 943 709 1034 775; x_wconf 89' lang='lat' dir='ltr'>utilis</span> <span class='ocrx_word' id='word_1_18' title='bbox 1056 733 1093 777; x_wconf 90' lang='lat' dir='ltr'>ac</span> <span class='ocrx_word' id='word_1_19' title='bbox 1115 712 1253 778; x_wconf 87' lang='lat' dir='ltr'>delecta·</span> 
     </span>
     <span class='ocr_line' id='line_1_4' title="bbox 100 811 1255 901; baseline 0.008 -27"><span class='ocrx_word' id='word_1_20' title='bbox 100 811 178 876; x_wconf 88' lang='lat' dir='ltr'>bilis</span> <span class='ocrx_word' id='word_1_21' title='bbox 200 812 243 876; x_wconf 90' lang='lat' dir='ltr'>sis</span> <span class='ocrx_word' id='word_1_22' title='bbox 266 812 478 878; x_wconf 78' lang='lat' dir='ltr'>auditoribus.</span> <span class='ocrx_word' id='word_1_23' title='bbox 525 815 592 878; x_wconf 81' lang='lat' dir='ltr'>Aut</span> <span class='ocrx_word' id='word_1_24' title='bbox 608 815 692 879; x_wconf 92' lang='lat' dir='ltr'>enim</span> <span class='ocrx_word' id='word_1_25' title='bbox 709 815 866 882; x_wconf 73' lang='lat' dir='ltr'>delectare</span> <span class='ocrx_word' id='word_1_26' title='bbox 890 815 1003 880; x_wconf 81' lang='lat' dir='ltr'>volunt</span> <span class='ocrx_word' id='word_1_27' title='bbox 1025 822 1082 881; x_wconf 92' lang='lat' dir='ltr'>aut</span> <span class='ocrx_word' id='word_1_28' title='bbox 1105 819 1255 901; x_wconf 81' lang='lat' dir='ltr'>prodesse</span> 
     </span>
     <span class='ocr_line' id='line_1_5' title="bbox 96 915 1257 1006; baseline 0.007 -26"><span class='ocrx_word' id='word_1_29' title='bbox 96 923 204 1000; x_wconf 87' lang='lat' dir='ltr'>poete,</span> <span class='ocrx_word' id='word_1_30' title='bbox 235 917 345 1002; x_wconf 90' lang='lat' dir='ltr'>inquit</span> <span class='ocrx_word' id='word_1_31' title='bbox 377 915 517 984; x_wconf 79' lang='lat' dir='ltr'>Orosius.</span> <span class='ocrx_word' id='word_1_32' title='bbox 566 919 655 984; x_wconf 84' lang='lat' dir='ltr'>Unde</span> <span class='ocrx_word' id='word_1_33' title='bbox 677 927 789 986; x_wconf 89' lang='lat' dir='ltr'>contra</span> <span class='ocrx_word' id='word_1_34' title='bbox 813 921 985 986; x_wconf 75' lang='lat' dir='ltr'>sibilantes</span> <span class='ocrx_word' id='word_1_35' title='bbox 1008 921 1257 1006; x_wconf 81' lang='lat' dir='ltr'>virgiliomastes</span> 
     </span>
     <span class='ocr_line' id='line_1_6' title="bbox 94 1022 1258 1110; baseline 0.005 -24"><span class='ocrx_word' id='word_1_36' title='bbox 94 1022 384 1087; x_wconf 85' lang='lat' dir='ltr'>excellentissimus</span> <span class='ocrx_word' id='word_1_37' title='bbox 412 1023 557 1108; x_wconf 88' lang='lat' dir='ltr'>loquitur</span> <span class='ocrx_word' id='word_1_38' title='bbox 585 1023 822 1100; x_wconf 74' lang='lat' dir='ltr'>Quintilianus:</span> <span class='ocrx_word' id='word_1_39' title='bbox 876 1023 970 1090; x_wconf 81' lang='lat' dir='ltr'>»Non</span> <span class='ocrx_word' id='word_1_40' title='bbox 1004 1031 1097 1089; x_wconf 90' lang='lat' dir='ltr'>nocet</span> <span class='ocrx_word' id='word_1_41' title='bbox 1126 1047 1184 1110; x_wconf 93' lang='lat' dir='ltr'>per</span> <span class='ocrx_word' id='word_1_42' title='bbox 1220 1049 1258 1092; x_wconf 90' lang='lat' dir='ltr'>ea</span> 
     </span>
     <span class='ocr_line' id='line_1_7' title="bbox 94 1126 1253 1211; baseline 0.005 -20"><span class='ocrx_word' id='word_1_43' title='bbox 94 1126 351 1206; x_wconf 87' lang='lat' dir='ltr'>transeuntibus,</span> <span class='ocrx_word' id='word_1_44' title='bbox 374 1133 466 1192; x_wconf 87' lang='lat' dir='ltr'>nocet</span> <span class='ocrx_word' id='word_1_45' title='bbox 490 1129 535 1195; x_wconf 92' lang='lat' dir='ltr'>ibi</span> <span class='ocrx_word' id='word_1_46' title='bbox 555 1130 769 1196; x_wconf 76' lang='lat' dir='ltr'>terentibus«</span> <span class='ocrx_word' id='word_1_47' title='bbox 805 1129 874 1196; x_wconf 88' lang='lat' dir='ltr'>Hec</span> <span class='ocrx_word' id='word_1_48' title='bbox 897 1131 982 1196; x_wconf 86' lang='lat' dir='ltr'>enim</span> <span class='ocrx_word' id='word_1_49' title='bbox 1005 1136 1081 1196; x_wconf 90' lang='lat' dir='ltr'>suut</span> <span class='ocrx_word' id='word_1_50' title='bbox 1104 1132 1164 1211; x_wconf 86' lang='lat' dir='ltr'>ria,</span> <span class='ocrx_word' id='word_1_51' title='bbox 1189 1153 1253 1197; x_wconf 90' lang='lat' dir='ltr'>nou</span> 
     </span>
     <span class='ocr_line' id='line_1_8' title="bbox 96 1233 1255 1320; baseline 0.004 -25"><span class='ocrx_word' id='word_1_52' title='bbox 96 1233 196 1308; x_wconf 85' lang='lat' dir='ltr'>finis;</span> <span class='ocrx_word' id='word_1_53' title='bbox 228 1254 286 1316; x_wconf 89' lang='lat' dir='ltr'>per</span> <span class='ocrx_word' id='word_1_54' title='bbox 309 1255 346 1297; x_wconf 88' lang='lat' dir='ltr'>ea</span> <span class='ocrx_word' id='word_1_55' title='bbox 368 1237 474 1298; x_wconf 90' lang='lat' dir='ltr'>tamen</span> <span class='ocrx_word' id='word_1_56' title='bbox 498 1237 647 1301; x_wconf 86' lang='lat' dir='ltr'>euntibus</span> <span class='ocrx_word' id='word_1_57' title='bbox 671 1236 753 1318; x_wconf 59' lang='lat' dir='ltr'>‚finis</span> <span class='ocrx_word' id='word_1_58' title='bbox 774 1237 916 1320; x_wconf 89' lang='lat' dir='ltr'>optimus</span> <span class='ocrx_word' id='word_1_59' title='bbox 939 1236 1177 1302; x_wconf 87' lang='lat' dir='ltr'>demonstratur</span> <span class='ocrx_word' id='word_1_60' title='bbox 1200 1237 1255 1316; x_wconf 87' lang='lat' dir='ltr'>eis,</span> 
     </span>
     <span class='ocr_line' id='line_1_9' title="bbox 98 1337 1255 1426; baseline 0.003 -24"><span class='ocrx_word' id='word_1_61' title='bbox 98 1339 157 1423; x_wconf 90' lang='lat' dir='ltr'>qui</span> <span class='ocrx_word' id='word_1_62' title='bbox 180 1339 282 1402; x_wconf 90' lang='lat' dir='ltr'>solida</span> <span class='ocrx_word' id='word_1_63' title='bbox 305 1337 425 1404; x_wconf 86' lang='lat' dir='ltr'>babeat</span> <span class='ocrx_word' id='word_1_64' title='bbox 458 1339 681 1420; x_wconf 84' lang='lat' dir='ltr'>fundamenta,</span> <span class='ocrx_word' id='word_1_65' title='bbox 716 1341 980 1426; x_wconf 86' lang='lat' dir='ltr'>quemadmodum</span> <span class='ocrx_word' id='word_1_66' title='bbox 1011 1363 1109 1426; x_wconf 90' lang='lat' dir='ltr'>supra</span> <span class='ocrx_word' id='word_1_67' title='bbox 1130 1347 1255 1426; x_wconf 89' lang='lat' dir='ltr'>petram</span> 
     </span>
     <span class='ocr_line' id='line_1_10' title="bbox 97 1444 1255 1532; baseline 0.005 -26"><span class='ocrx_word' id='word_1_68' title='bbox 97 1444 299 1508; x_wconf 87' lang='lat' dir='ltr'>immobilem</span> <span class='ocrx_word' id='word_1_69' title='bbox 329 1447 417 1508; x_wconf 91' lang='lat' dir='ltr'>tuam</span> <span class='ocrx_word' id='word_1_70' title='bbox 441 1446 638 1512; x_wconf 88' lang='lat' dir='ltr'>confirmasti</span> <span class='ocrx_word' id='word_1_71' title='bbox 668 1453 871 1512; x_wconf 90' lang='lat' dir='ltr'>structuram.</span> <span class='ocrx_word' id='word_1_72' title='bbox 916 1447 995 1513; x_wconf 90' lang='lat' dir='ltr'>lude</span> <span class='ocrx_word' id='word_1_73' title='bbox 1025 1448 1176 1532; x_wconf 90' lang='lat' dir='ltr'>quicquid</span> <span class='ocrx_word' id='word_1_74' title='bbox 1199 1449 1255 1513; x_wconf 91' lang='lat' dir='ltr'>ad-</span> 
     </span>
     <span class='ocr_line' id='line_1_11' title="bbox 94 1549 1255 1637; baseline 0.003 -25"><span class='ocrx_word' id='word_1_75' title='bbox 94 1549 198 1632; x_wconf 83' lang='lat' dir='ltr'>ijcies,</span> <span class='ocrx_word' id='word_1_76' title='bbox 222 1570 285 1613; x_wconf 91' lang='lat' dir='ltr'>non</span> <span class='ocrx_word' id='word_1_77' title='bbox 303 1549 448 1633; x_wconf 91' lang='lat' dir='ltr'>pacietur</span> <span class='ocrx_word' id='word_1_78' title='bbox 465 1551 600 1631; x_wconf 89' lang='lat' dir='ltr'>ruinam,</span> <span class='ocrx_word' id='word_1_79' title='bbox 623 1552 773 1636; x_wconf 87' lang='lat' dir='ltr'>quoniam</span> <span class='ocrx_word' id='word_1_80' title='bbox 790 1553 974 1617; x_wconf 87' lang='lat' dir='ltr'>firmissima</span> <span class='ocrx_word' id='word_1_81' title='bbox 988 1553 1164 1637; x_wconf 87' lang='lat' dir='ltr'>primordia</span> <span class='ocrx_word' id='word_1_82' title='bbox 1180 1573 1255 1617; x_wconf 92' lang='lat' dir='ltr'>cou-</span> 
     </span>
     <span class='ocr_line' id='line_1_12' title="bbox 96 1653 1253 1744; baseline 0.003 -26"><span class='ocrx_word' id='word_1_83' title='bbox 96 1654 197 1718; x_wconf 87' lang='lat' dir='ltr'>flasti.</span> <span class='ocrx_word' id='word_1_84' title='bbox 243 1653 357 1739; x_wconf 89' lang='lat' dir='ltr'>ltaque</span> <span class='ocrx_word' id='word_1_85' title='bbox 379 1654 406 1718; x_wconf 90' lang='lat' dir='ltr'>si</span> <span class='ocrx_word' id='word_1_86' title='bbox 428 1655 497 1720; x_wconf 89' lang='lat' dir='ltr'>sola</span> <span class='ocrx_word' id='word_1_87' title='bbox 520 1656 581 1720; x_wconf 91' lang='lat' dir='ltr'>tibi</span> <span class='ocrx_word' id='word_1_88' title='bbox 605 1653 736 1744; x_wconf 85' lang='lat' dir='ltr'>[essent]</span> <span class='ocrx_word' id='word_1_89' title='bbox 760 1656 971 1722; x_wconf 82' lang='lat' dir='ltr'>humanitatis</span> <span class='ocrx_word' id='word_1_90' title='bbox 993 1658 1110 1738; x_wconf 88' lang='lat' dir='ltr'>studia,</span> <span class='ocrx_word' id='word_1_91' title='bbox 1134 1680 1196 1742; x_wconf 89' lang='lat' dir='ltr'>que</span> <span class='ocrx_word' id='word_1_92' title='bbox 1219 1659 1253 1722; x_wconf 90' lang='lat' dir='ltr'>in</span> 
     </span>
     <span class='ocr_line' id='line_1_13' title="bbox 95 1759 1256 1847; baseline 0.003 -23"><span class='ocrx_word' id='word_1_93' title='bbox 95 1759 207 1824; x_wconf 86' lang='lat' dir='ltr'>literis</span> <span class='ocrx_word' id='word_1_94' title='bbox 229 1765 461 1826; x_wconf 85' lang='lat' dir='ltr'>consumuntur</span> <span class='ocrx_word' id='word_1_95' title='bbox 484 1799 523 1808; x_wconf 95' lang='lat'><em>-</em></span> <span class='ocrx_word' id='word_1_96' title='bbox 551 1763 814 1846; x_wconf 87' lang='lat' dir='ltr'>quemadmodum</span> <span class='ocrx_word' id='word_1_97' title='bbox 837 1761 1012 1847; x_wconf 81' lang='lat' dir='ltr'>Agellius¹</span> <span class='ocrx_word' id='word_1_98' title='bbox 1041 1764 1074 1827; x_wconf 88' lang='lat' dir='ltr'>in</span> <span class='ocrx_word' id='word_1_99' title='bbox 1110 1763 1256 1830; x_wconf 86' lang='lat' dir='ltr'>noctibus</span> 
     </span>
     <span class='ocr_line' id='line_1_14' title="bbox 97 1864 1252 1951; baseline 0 -19"><span class='ocrx_word' id='word_1_100' title='bbox 97 1864 211 1932; x_wconf 87' lang='lat' dir='ltr'>atticis</span> <span class='ocrx_word' id='word_1_101' title='bbox 234 1865 364 1944; x_wconf 84' lang='lat' dir='ltr'>definit,</span> <span class='ocrx_word' id='word_1_102' title='bbox 396 1866 471 1951; x_wconf 90' lang='lat' dir='ltr'>quia</span> <span class='ocrx_word' id='word_1_103' title='bbox 494 1867 668 1933; x_wconf 91' lang='lat' dir='ltr'>humanum</span> <span class='ocrx_word' id='word_1_104' title='bbox 693 1869 835 1933; x_wconf 88' lang='lat' dir='ltr'>animum</span> <span class='ocrx_word' id='word_1_105' title='bbox 859 1867 1010 1933; x_wconf 87' lang='lat' dir='ltr'>imbuunt</span> <span class='ocrx_word' id='word_1_106' title='bbox 1032 1872 1065 1933; x_wconf 91' lang='lat' dir='ltr'>et</span> <span class='ocrx_word' id='word_1_107' title='bbox 1086 1873 1252 1949; x_wconf 85' lang='lat' dir='ltr'>exornant,</span> 
     </span>
     <span class='ocr_line' id='line_1_15' title="bbox 99 1965 1254 2060; baseline 0.003 -25"><span class='ocrx_word' id='word_1_108' title='bbox 99 1992 165 2056; x_wconf 90' lang='lat' dir='ltr'>quo</span> <span class='ocrx_word' id='word_1_109' title='bbox 189 1971 417 2036; x_wconf 82' lang='lat' dir='ltr'>commercium</span> <span class='ocrx_word' id='word_1_110' title='bbox 442 1993 513 2036; x_wconf 92' lang='lat' dir='ltr'>cum</span> <span class='ocrx_word' id='word_1_111' title='bbox 538 1973 639 2038; x_wconf 88' lang='lat' dir='ltr'>doctis</span> <span class='ocrx_word' id='word_1_112' title='bbox 657 1972 774 2038; x_wconf 88' lang='lat' dir='ltr'>habere</span> <span class='ocrx_word' id='word_1_113' title='bbox 796 1973 929 2057; x_wconf 77' lang='lat' dir='ltr'>possit«,</span> <span class='ocrx_word' id='word_1_114' title='bbox 951 1974 1034 2038; x_wconf 89' lang='lat' dir='ltr'>sicut</span> <span class='ocrx_word' id='word_1_115' title='bbox 1057 1965 1254 2060; x_wconf 50' lang='lat' dir='ltr'>do&#39;quodsm</span> 
     </span>
     <span class='ocr_line' id='line_1_16' title="bbox 100 2076 1254 2144; baseline 0.003 -4"><span class='ocrx_word' id='word_1_116' title='bbox 100 2078 236 2142; x_wconf 77' lang='lat' dir='ltr'>literato</span> <span class='ocrx_word' id='word_1_117' title='bbox 258 2082 397 2142; x_wconf 86' lang='lat' dir='ltr'>testatur</span> <span class='ocrx_word' id='word_1_118' title='bbox 414 2076 598 2144; x_wconf 79' lang='lat' dir='ltr'>Terentius:</span> <span class='ocrx_word' id='word_1_119' title='bbox 636 2076 748 2142; x_wconf 82' lang='lat' dir='ltr'>»Nihil</span> <span class='ocrx_word' id='word_1_120' title='bbox 766 2078 930 2144; x_wconf 89' lang='lat' dir='ltr'>bumania</span> <span class='ocrx_word' id='word_1_121' title='bbox 952 2101 1003 2144; x_wconf 89' lang='lat' dir='ltr'>ms</span> <span class='ocrx_word' id='word_1_122' title='bbox 1025 2079 1165 2144; x_wconf 87' lang='lat' dir='ltr'>alienum</span> <span class='ocrx_word' id='word_1_123' title='bbox 1188 2081 1254 2144; x_wconf 88' lang='lat' dir='ltr'>exi·</span> 
     </span>
     <span class='ocr_line' id='line_1_17' title="bbox 96 2181 1253 2271; baseline 0.003 -25"><span class='ocrx_word' id='word_1_124' title='bbox 96 2183 217 2248; x_wconf 71' lang='lat' dir='ltr'>salmo«</span> <span class='ocrx_word' id='word_1_125' title='bbox 231 2217 270 2228; x_wconf 86' lang='lat'>-</span> <span class='ocrx_word' id='word_1_126' title='bbox 285 2181 343 2246; x_wconf 87' lang='lat' dir='ltr'>hoc</span> <span class='ocrx_word' id='word_1_127' title='bbox 359 2182 489 2267; x_wconf 88' lang='lat' dir='ltr'>inquam</span> <span class='ocrx_word' id='word_1_128' title='bbox 505 2185 573 2250; x_wconf 87' lang='lat' dir='ltr'>sola</span> <span class='ocrx_word' id='word_1_129' title='bbox 582 2184 643 2250; x_wconf 92' lang='lat' dir='ltr'>tibi</span> <span class='ocrx_word' id='word_1_130' title='bbox 656 2189 760 2248; x_wconf 88' lang='lat' dir='ltr'>essent</span> <span class='ocrx_word' id='word_1_131' title='bbox 772 2184 861 2262; x_wconf 87' lang='lat' dir='ltr'>satis,</span> <span class='ocrx_word' id='word_1_132' title='bbox 875 2182 960 2270; x_wconf 85' lang='lat' dir='ltr'>quo¹</span> <span class='ocrx_word' id='word_1_133' title='bbox 976 2183 1115 2250; x_wconf 87' lang='lat' dir='ltr'>feliciter</span> <span class='ocrx_word' id='word_1_134' title='bbox 1123 2183 1163 2271; x_wconf 83' lang='grc'>[1.</span> <span class='ocrx_word' id='word_1_135' title='bbox 1175 2185 1253 2268; x_wconf 85' lang='lat'>296]</span> 
     </span>
     <span class='ocr_line' id='line_1_18' title="bbox 98 2288 1256 2373; baseline 0.002 -21"><span class='ocrx_word' id='word_1_136' title='bbox 98 2289 242 2354; x_wconf 84' lang='lat' dir='ltr'>habenas</span> <span class='ocrx_word' id='word_1_137' title='bbox 265 2309 395 2372; x_wconf 80' lang='lat' dir='ltr'>regeres</span> <span class='ocrx_word' id='word_1_138' title='bbox 410 2289 547 2373; x_wconf 88' lang='lat' dir='ltr'>imperij.</span> <span class='ocrx_word' id='word_1_139' title='bbox 593 2288 648 2354; x_wconf 84' lang='lat' dir='ltr'>Set</span> <span class='ocrx_word' id='word_1_140' title='bbox 670 2289 815 2373; x_wconf 83' lang='lat' dir='ltr'>proiecto</span> <span class='ocrx_word' id='word_1_141' title='bbox 837 2311 925 2356; x_wconf 87' lang='lat' dir='ltr'>sacre</span> <span class='ocrx_word' id='word_1_142' title='bbox 952 2291 1048 2356; x_wconf 88' lang='lat' dir='ltr'>eciam</span> <span class='ocrx_word' id='word_1_143' title='bbox 1073 2289 1167 2355; x_wconf 88' lang='lat' dir='ltr'>litere</span> <span class='ocrx_word' id='word_1_144' title='bbox 1190 2295 1256 2354; x_wconf 90' lang='lat' dir='ltr'>tete</span> 
     </span>
     <span class='ocr_line' id='line_1_19' title="bbox 97 2392 1255 2478; baseline 0 -20"><span class='ocrx_word' id='word_1_145' title='bbox 97 2392 261 2472; x_wconf 86' lang='lat' dir='ltr'>ambiunt,</span> <span class='ocrx_word' id='word_1_146' title='bbox 286 2398 407 2459; x_wconf 88' lang='lat' dir='ltr'>utnon</span> <span class='ocrx_word' id='word_1_147' title='bbox 432 2399 558 2459; x_wconf 89' lang='lat' dir='ltr'>tantum</span> <span class='ocrx_word' id='word_1_148' title='bbox 582 2393 734 2478; x_wconf 90' lang='lat' dir='ltr'>policiam</span> <span class='ocrx_word' id='word_1_149' title='bbox 750 2395 789 2460; x_wconf 91' lang='lat' dir='ltr'>ad</span> <span class='ocrx_word' id='word_1_150' title='bbox 812 2395 989 2460; x_wconf 83' lang='lat' dir='ltr'>naturalem</span> <span class='ocrx_word' id='word_1_151' title='bbox 1005 2394 1127 2478; x_wconf 79' lang='lat' dir='ltr'>dirigas</span> <span class='ocrx_word' id='word_1_152' title='bbox 1149 2395 1255 2473; x_wconf 84' lang='lat' dir='ltr'>finem,</span> 
     </span>
     <span class='ocr_line' id='line_1_20' title="bbox 97 2496 1254 2588; baseline 0.002 -26"><span class='ocrx_word' id='word_1_153' title='bbox 97 2520 163 2582; x_wconf 86' lang='lat' dir='ltr'>que</span> <span class='ocrx_word' id='word_1_154' title='bbox 180 2496 212 2585; x_wconf 76' lang='lat' dir='ltr'>[l]</span> <span class='ocrx_word' id='word_1_155' title='bbox 237 2499 375 2564; x_wconf 89' lang='lat' dir='ltr'>humane</span> <span class='ocrx_word' id='word_1_156' title='bbox 392 2499 581 2588; x_wconf 16' lang='lat' dir='ltr'>litere-olim</span> <span class='ocrx_word' id='word_1_157' title='bbox 598 2499 753 2580; x_wconf 86' lang='lat' dir='ltr'>fecerunt,</span> <span class='ocrx_word' id='word_1_158' title='bbox 776 2502 830 2566; x_wconf 88' lang='lat' dir='ltr'>sed</span> <span class='ocrx_word' id='word_1_159' title='bbox 852 2503 890 2567; x_wconf 87' lang='lat' dir='ltr'>ad</span> <span class='ocrx_word' id='word_1_160' title='bbox 907 2501 1126 2566; x_wconf 87' lang='lat' dir='ltr'>beatissimum</span> <span class='ocrx_word' id='word_1_161' title='bbox 1150 2507 1254 2566; x_wconf 91' lang='lat' dir='ltr'>traus-</span> 
     </span>
     <span class='ocr_line' id='line_1_21' title="bbox 97 2603 1254 2691; baseline 0.002 -23"><span class='ocrx_word' id='word_1_162' title='bbox 97 2605 220 2670; x_wconf 80' lang='lat' dir='ltr'>rnittae.</span> <span class='ocrx_word' id='word_1_163' title='bbox 283 2603 437 2690; x_wconf 79' lang='lat' dir='ltr'>Alioquin</span> <span class='ocrx_word' id='word_1_164' title='bbox 481 2605 649 2689; x_wconf 89' lang='lat' dir='ltr'>splendore</span> <span class='ocrx_word' id='word_1_165' title='bbox 686 2607 856 2691; x_wconf 81' lang='lat' dir='ltr'>vaniloque</span> <span class='ocrx_word' id='word_1_166' title='bbox 889 2607 1023 2672; x_wconf 88' lang='lat' dir='ltr'>sciencie</span> <span class='ocrx_word' id='word_1_167' title='bbox 1054 2606 1254 2672; x_wconf 89' lang='lat' dir='ltr'>intollerabi-</span> 
     </span>
     <span class='ocr_line' id='line_1_22' title="bbox 96 2711 1254 2797; baseline 0 -23"><span class='ocrx_word' id='word_1_168' title='bbox 96 2711 163 2775; x_wconf 89' lang='lat' dir='ltr'>lem</span> <span class='ocrx_word' id='word_1_169' title='bbox 197 2711 244 2774; x_wconf 93' lang='lat' dir='ltr'>rei</span> <span class='ocrx_word' id='word_1_170' title='bbox 279 2712 406 2796; x_wconf 89' lang='lat' dir='ltr'>publice</span> <span class='ocrx_word' id='word_1_171' title='bbox 439 2712 593 2777; x_wconf 89' lang='lat' dir='ltr'>iacturam</span> <span class='ocrx_word' id='word_1_172' title='bbox 629 2713 783 2780; x_wconf 84' lang='lat' dir='ltr'>conficies.</span> <span class='ocrx_word' id='word_1_173' title='bbox 839 2712 954 2797; x_wconf 88' lang='lat' dir='ltr'>Itaque</span> <span class='ocrx_word' id='word_1_174' title='bbox 984 2713 1012 2777; x_wconf 90' lang='lat' dir='ltr'>si</span> <span class='ocrx_word' id='word_1_175' title='bbox 1044 2717 1168 2777; x_wconf 91' lang='lat' dir='ltr'>tautum</span> <span class='ocrx_word' id='word_1_176' title='bbox 1208 2711 1254 2774; x_wconf 90' lang='lat' dir='ltr'>rei</span> 
     </span>
     <span class='ocr_line' id='line_1_23' title="bbox 96 2815 1253 2902; baseline -0.003 -20"><span class='ocrx_word' id='word_1_177' title='bbox 96 2815 253 2882; x_wconf 85' lang='lat' dir='ltr'>familiari</span> <span class='ocrx_word' id='word_1_178' title='bbox 277 2818 433 2896; x_wconf 76' lang='lat' dir='ltr'>intendas,</span> <span class='ocrx_word' id='word_1_179' title='bbox 457 2823 492 2882; x_wconf 89' lang='lat' dir='ltr'>ut</span> <span class='ocrx_word' id='word_1_180' title='bbox 516 2819 649 2902; x_wconf 89' lang='lat' dir='ltr'>pacifica</span> <span class='ocrx_word' id='word_1_181' title='bbox 671 2820 714 2883; x_wconf 88' lang='lat' dir='ltr'>sit</span> <span class='ocrx_word' id='word_1_182' title='bbox 736 2817 796 2884; x_wconf 80' lang='lat' dir='ltr'>et³</span> <span class='ocrx_word' id='word_1_183' title='bbox 819 2819 1009 2902; x_wconf 88' lang='lat' dir='ltr'>pecuniosa,</span> <span class='ocrx_word' id='word_1_184' title='bbox 1043 2818 1195 2884; x_wconf 90' lang='lat' dir='ltr'>continuo</span> <span class='ocrx_word' id='word_1_185' title='bbox 1219 2815 1253 2880; x_wconf 90' lang='lat' dir='ltr'>in</span> 
     </span>
     <span class='ocr_line' id='line_1_24' title="bbox 95 2921 1255 3007; baseline 0 -21"><span class='ocrx_word' id='word_1_186' title='bbox 95 2923 283 3006; x_wconf 85' lang='lat' dir='ltr'>superbiam</span> <span class='ocrx_word' id='word_1_187' title='bbox 317 2923 478 3002; x_wconf 86' lang='lat' dir='ltr'>elevatur,</span> <span class='ocrx_word' id='word_1_188' title='bbox 505 2924 658 2990; x_wconf 87' lang='lat' dir='ltr'>inserviet</span> <span class='ocrx_word' id='word_1_189' title='bbox 689 2923 796 3002; x_wconf 90' lang='lat' dir='ltr'>luxui,</span> <span class='ocrx_word' id='word_1_190' title='bbox 824 2925 893 2988; x_wconf 90' lang='lat' dir='ltr'>ocio</span> <span class='ocrx_word' id='word_1_191' title='bbox 917 2923 1013 2988; x_wconf 89' lang='lat' dir='ltr'>inerti</span> <span class='ocrx_word' id='word_1_192' title='bbox 1036 2921 1199 3007; x_wconf 77' lang='lat' dir='ltr'>potietur,</span> <span class='ocrx_word' id='word_1_193' title='bbox 1223 2923 1255 2986; x_wconf 88' lang='lat' dir='ltr'>et</span> 
     </span>
     <span class='ocr_line' id='line_1_25' title="bbox 97 3025 1253 3113; baseline -0.002 -21"><span class='ocrx_word' id='word_1_194' title='bbox 97 3031 221 3112; x_wconf 78' lang='lat' dir='ltr'>quantu</span> <span class='ocrx_word' id='word_1_195' title='bbox 244 3027 318 3092; x_wconf 89' lang='lat' dir='ltr'>inde</span> <span class='ocrx_word' id='word_1_196' title='bbox 341 3028 424 3094; x_wconf 88' lang='lat' dir='ltr'>mala</span> <span class='ocrx_word' id='word_1_197' title='bbox 447 3034 701 3113; x_wconf 86' lang='lat' dir='ltr'>consequuntur,</span> <span class='ocrx_word' id='word_1_198' title='bbox 734 3030 760 3093; x_wconf 89' lang='lat' dir='ltr'>si</span> <span class='ocrx_word' id='word_1_199' title='bbox 784 3029 891 3113; x_wconf 90' lang='lat' dir='ltr'>placet</span> <span class='ocrx_word' id='word_1_200' title='bbox 913 3029 1069 3094; x_wconf 87' lang='lat' dir='ltr'>desertam</span> <span class='ocrx_word' id='word_1_201' title='bbox 1093 3028 1165 3094; x_wconf 80' lang='lat' dir='ltr'>vids</span> <span class='ocrx_word' id='word_1_202' title='bbox 1187 3025 1253 3090; x_wconf 90' lang='lat' dir='ltr'>Ro-</span> 
     </span>
     <span class='ocr_line' id='line_1_26' title="bbox 98 3130 1251 3219; baseline 0.001 -23"><span class='ocrx_word' id='word_1_203' title='bbox 98 3154 194 3198; x_wconf 78' lang='lat' dir='ltr'>mum.</span> <span class='ocrx_word' id='word_1_204' title='bbox 242 3130 328 3197; x_wconf 86' lang='lat' dir='ltr'>Nolo</span> <span class='ocrx_word' id='word_1_205' title='bbox 342 3132 355 3167; x_wconf 88' lang='lat'><strong>⁴</strong></span> <span class='ocrx_word' id='word_1_206' title='bbox 378 3138 453 3198; x_wconf 87' lang='lat' dir='ltr'>ante</span> <span class='ocrx_word' id='word_1_207' title='bbox 467 3134 576 3199; x_wconf 87' lang='lat' dir='ltr'>oculos</span> <span class='ocrx_word' id='word_1_208' title='bbox 588 3136 754 3200; x_wconf 86' lang='lat' dir='ltr'>traducere</span> <span class='ocrx_word' id='word_1_209' title='bbox 769 3135 989 3200; x_wconf 88' lang='lat' dir='ltr'>oadabundum</span> <span class='ocrx_word' id='word_1_210' title='bbox 1005 3134 1176 3219; x_wconf 90' lang='lat' dir='ltr'>imperium</span> <span class='ocrx_word' id='word_1_211' title='bbox 1201 3154 1251 3197; x_wconf 88' lang='lat' dir='ltr'>os-</span> 
     </span>
     <span class='ocr_line' id='line_1_27' title="bbox 96 3237 1254 3324; baseline 0 -22"><span class='ocrx_word' id='word_1_212' title='bbox 96 3260 189 3302; x_wconf 82' lang='lat' dir='ltr'>sarae</span> <span class='ocrx_word' id='word_1_213' title='bbox 210 3239 390 3304; x_wconf 87' lang='lat' dir='ltr'>maiestatis</span> <span class='ocrx_word' id='word_1_214' title='bbox 401 3239 433 3303; x_wconf 89' lang='lat' dir='ltr'>in</span> <span class='ocrx_word' id='word_1_215' title='bbox 450 3241 597 3304; x_wconf 87' lang='lat' dir='ltr'>omnibus</span> <span class='ocrx_word' id='word_1_216' title='bbox 614 3241 808 3319; x_wconf 87' lang='lat' dir='ltr'>civitatibus,</span> <span class='ocrx_word' id='word_1_217' title='bbox 831 3241 936 3324; x_wconf 91' lang='lat' dir='ltr'>opidis</span> <span class='ocrx_word' id='word_1_218' title='bbox 950 3245 983 3304; x_wconf 90' lang='lat' dir='ltr'>et</span> <span class='ocrx_word' id='word_1_219' title='bbox 998 3237 1149 3317; x_wconf 86' lang='lat' dir='ltr'>castellis,</span> <span class='ocrx_word' id='word_1_220' title='bbox 1174 3259 1254 3322; x_wconf 86' lang='lat' dir='ltr'>quae</span> 
     </span>
     <span class='ocr_line' id='line_1_28' title="bbox 96 3343 1253 3430; baseline -0.001 -23"><span class='ocrx_word' id='word_1_221' title='bbox 96 3344 193 3408; x_wconf 59' lang='lat' dir='ltr'>ium.</span> <span class='ocrx_word' id='word_1_222' title='bbox 218 3364 334 3408; x_wconf 84' lang='lat' dir='ltr'>corone</span> <span class='ocrx_word' id='word_1_223' title='bbox 351 3345 516 3430; x_wconf 84' lang='lat' dir='ltr'>¹imperiali</span> <span class='ocrx_word' id='word_1_224' title='bbox 539 3352 614 3412; x_wconf 84' lang='lat' dir='ltr'>sunt</span> <span class='ocrx_word' id='word_1_225' title='bbox 635 3347 773 3426; x_wconf 84' lang='lat' dir='ltr'>subdita,</span> <span class='ocrx_word' id='word_1_226' title='bbox 796 3350 950 3430; x_wconf 88' lang='lat' dir='ltr'>quautam</span> <span class='ocrx_word' id='word_1_227' title='bbox 974 3344 1105 3409; x_wconf 89' lang='lat' dir='ltr'>cottidie</span> <span class='ocrx_word' id='word_1_228' title='bbox 1128 3343 1253 3408; x_wconf 89' lang='lat' dir='ltr'>ruinam</span> 
     </span>
     <span class='ocr_line' id='line_1_29' title="bbox 97 3445 1254 3534; baseline -0.002 -20"><span class='ocrx_word' id='word_1_229' title='bbox 97 3449 253 3532; x_wconf 88' lang='lat' dir='ltr'>paciatur.</span> <span class='ocrx_word' id='word_1_230' title='bbox 301 3449 467 3516; x_wconf 91' lang='lat' dir='ltr'>Prioribus</span> <span class='ocrx_word' id='word_1_231' title='bbox 488 3451 603 3516; x_wconf 72' lang='lat' dir='ltr'>annis⁵</span> <span class='ocrx_word' id='word_1_232' title='bbox 630 3451 805 3517; x_wconf 85' lang='lat' dir='ltr'>insurrexit</span> <span class='ocrx_word' id='word_1_233' title='bbox 833 3456 945 3516; x_wconf 84' lang='lat' dir='ltr'>contre</span> <span class='ocrx_word' id='word_1_234' title='bbox 978 3449 1164 3534; x_wconf 87' lang='lat' dir='ltr'>opulentam</span> <span class='ocrx_word' id='word_1_235' title='bbox 1187 3445 1254 3512; x_wconf 91' lang='lat' dir='ltr'>Nu·</span> 
     </span>
     <span class='ocr_line' id='line_1_30' title="bbox 98 3553 1253 3640; baseline 0.001 -23"><span class='ocrx_word' id='word_1_236' title='bbox 98 3555 301 3640; x_wconf 82' lang='lat' dir='ltr'>rembergnm</span> <span class='ocrx_word' id='word_1_237' title='bbox 327 3560 500 3639; x_wconf 89' lang='lat' dir='ltr'>prepotens</span> <span class='ocrx_word' id='word_1_238' title='bbox 515 3561 656 3640; x_wconf 79' lang='lat' dir='ltr'>potestas</span> <span class='ocrx_word' id='word_1_239' title='bbox 671 3579 844 3622; x_wconf 90' lang='lat' dir='ltr'>armorum.</span> <span class='ocrx_word' id='word_1_240' title='bbox 890 3554 991 3631; x_wconf 79' lang='lat' dir='ltr'>Quum</span> <span class='ocrx_word' id='word_1_241' title='bbox 1016 3553 1253 3619; x_wconf 89' lang='lat' dir='ltr'>lamentabilem</span> 
     </span>
     <span class='ocr_line' id='line_1_31' title="bbox 100 3657 1253 3740; baseline -0.001 -18"><span class='ocrx_word' id='word_1_242' title='bbox 100 3659 129 3723; x_wconf 89' lang='lat' dir='ltr'>ei</span> <span class='ocrx_word' id='word_1_243' title='bbox 154 3659 317 3725; x_wconf 82' lang='lat' dir='ltr'>induxerit</span> <span class='ocrx_word' id='word_1_244' title='bbox 339 3659 564 3740; x_wconf 87' lang='lat' dir='ltr'>calamitatem,</span> <span class='ocrx_word' id='word_1_245' title='bbox 588 3661 614 3724; x_wconf 90' lang='lat' dir='ltr'>si</span> <span class='ocrx_word' id='word_1_246' title='bbox 638 3660 768 3724; x_wconf 91' lang='lat' dir='ltr'>humilis</span> <span class='ocrx_word' id='word_1_247' title='bbox 791 3665 857 3739; x_wconf 89' lang='lat' dir='ltr'>est,</span> <span class='ocrx_word' id='word_1_248' title='bbox 880 3681 1005 3725; x_wconf 88' lang='lat' dir='ltr'>necesse</span> <span class='ocrx_word' id='word_1_249' title='bbox 1030 3659 1202 3734; x_wconf 76' lang='lat' dir='ltr'>fatebitur3</span> <span class='ocrx_word' id='word_1_250' title='bbox 1226 3657 1253 3722; x_wconf 92' lang='lat' dir='ltr'>si</span> 
     </span>
     <span class='ocr_line' id='line_1_32' title="bbox 100 3764 1252 3849; baseline 0.004 -22"><span class='ocrx_word' id='word_1_251' title='bbox 100 3785 162 3828; x_wconf 92' lang='lat' dir='ltr'>non</span> <span class='ocrx_word' id='word_1_252' title='bbox 186 3765 387 3849; x_wconf 87' lang='lat' dir='ltr'>pecuniarias</span> <span class='ocrx_word' id='word_1_253' title='bbox 410 3787 459 3830; x_wconf 88' lang='lat' dir='ltr'>res</span> <span class='ocrx_word' id='word_1_254' title='bbox 482 3766 610 3849; x_wconf 89' lang='lat' dir='ltr'>penitus</span> <span class='ocrx_word' id='word_1_255' title='bbox 630 3765 785 3844; x_wconf 86' lang='lat' dir='ltr'>exhausit,</span> <span class='ocrx_word' id='word_1_256' title='bbox 809 3787 871 3830; x_wconf 90' lang='lat' dir='ltr'>non</span> <span class='ocrx_word' id='word_1_257' title='bbox 887 3765 1106 3849; x_wconf 77' lang='lat' dir='ltr'>augmentavit</span> <span class='ocrx_word' id='word_1_258' title='bbox 1128 3764 1252 3832; x_wconf 83' lang='lat' dir='ltr'>saltem.</span> 
     </span>
     <span class='ocr_line' id='line_1_33' title="bbox 101 3868 1254 3956; baseline -0.001 -22"><span class='ocrx_word' id='word_1_259' title='bbox 101 3869 245 3956; x_wconf 87' lang='lat' dir='ltr'>Denique</span> <span class='ocrx_word' id='word_1_260' title='bbox 280 3871 363 3936; x_wconf 86' lang='lat' dir='ltr'>bella</span> <span class='ocrx_word' id='word_1_261' title='bbox 397 3871 567 3956; x_wconf 84' lang='lat' dir='ltr'>plusquam</span> <span class='ocrx_word' id='word_1_262' title='bbox 602 3871 709 3936; x_wconf 83' lang='lat' dir='ltr'>civilia</span> <span class='ocrx_word' id='word_1_263' title='bbox 742 3872 770 3935; x_wconf 89' lang='lat' dir='ltr'>si</span> <span class='ocrx_word' id='word_1_264' title='bbox 801 3893 864 3935; x_wconf 90' lang='lat' dir='ltr'>nou</span> <span class='ocrx_word' id='word_1_265' title='bbox 888 3871 921 3935; x_wconf 91' lang='lat' dir='ltr'>in</span> <span class='ocrx_word' id='word_1_266' title='bbox 945 3871 1092 3955; x_wconf 80' lang='lat' dir='ltr'>Augusta</span> <span class='ocrx_word' id='word_1_267' title='bbox 1113 3868 1254 3951; x_wconf 87' lang='lat' dir='ltr'>fuerunt,</span> 
     </span>
    </p>
   </div>
   <div class='ocr_carea' id='block_1_3' title="bbox 100 3973 1253 4124">
    <p class='ocr_par' dir='ltr' id='par_1_3' title="bbox 100 3973 1253 4124">
     <span class='ocr_line' id='line_1_34' title="bbox 100 3973 1253 4060; baseline 0 -20"><span class='ocrx_word' id='word_1_268' title='bbox 100 3981 177 4042; x_wconf 87' lang='lat' dir='ltr'>suut</span> <span class='ocrx_word' id='word_1_269' title='bbox 200 3974 306 4040; x_wconf 89' lang='lat' dir='ltr'>hodie.</span> <span class='ocrx_word' id='word_1_270' title='bbox 352 3973 455 4040; x_wconf 82' lang='lat' dir='ltr'>Taceo</span> <span class='ocrx_word' id='word_1_271' title='bbox 477 3997 533 4054; x_wconf 88' lang='lat' dir='ltr'>aa,</span> <span class='ocrx_word' id='word_1_272' title='bbox 565 3997 626 4060; x_wconf 89' lang='lat' dir='ltr'>que</span> <span class='ocrx_word' id='word_1_273' title='bbox 657 3975 828 4044; x_wconf 90' lang='lat' dir='ltr'>medullam</span> <span class='ocrx_word' id='word_1_274' title='bbox 850 3977 967 4040; x_wconf 85' lang='lat' dir='ltr'>ossium</span> <span class='ocrx_word' id='word_1_275' title='bbox 991 3979 1119 4040; x_wconf 85' lang='lat' dir='ltr'>tuorum</span> <span class='ocrx_word' id='word_1_276' title='bbox 1142 3975 1253 4040; x_wconf 87' lang='lat' dir='ltr'>dissol-</span> 
     </span>
     <span class='ocr_line' id='line_1_35' title="bbox 669 4085 686 4124; baseline 0 0"><span class='ocrx_word' id='word_1_277' title='bbox 669 4085 686 4124; x_wconf 63' lang='lat' dir='ltr'>ss</span> 
     </span>
    </p>
   </div>
   <div class='ocr_carea' id='block_1_4' title="bbox 100 4164 1255 4659">
    <p class='ocr_par' dir='ltr' id='par_1_4' title="bbox 100 4164 1255 4582">
     <span class='ocr_line' id='line_1_36' title="bbox 169 4164 1254 4231; baseline 0 -10"><span class='ocrx_word' id='word_1_278' title='bbox 169 4164 240 4224; x_wconf 77' lang='lat'>180</span> <span class='ocrx_word' id='word_1_279' title='bbox 259 4165 378 4221; x_wconf 77' lang='lat' dir='ltr'>cumeist</span> <span class='ocrx_word' id='word_1_280' title='bbox 396 4165 436 4219; x_wconf 91' lang='lat' dir='ltr'>im</span> <span class='ocrx_word' id='word_1_281' title='bbox 449 4165 486 4221; x_wconf 87' lang='grc' dir='ltr'>Μ.</span> <span class='ocrx_word' id='word_1_282' title='bbox 516 4169 547 4219; x_wconf 83' lang='grc' dir='ltr'>Α.</span> <span class='ocrx_word' id='word_1_283' title='bbox 562 4183 584 4220; x_wconf 92' lang='lat' dir='ltr'>s.</span> <span class='ocrx_word' id='word_1_284' title='bbox 598 4166 712 4231; x_wconf 83' lang='lat' dir='ltr'>Teuffel,</span> <span class='ocrx_word' id='word_1_285' title='bbox 731 4167 810 4223; x_wconf 75' lang='lat' dir='ltr'>Rom.</span> <span class='ocrx_word' id='word_1_286' title='bbox 830 4165 1017 4223; x_wconf 68' lang='lat' dir='ltr'>Lit.·Gescb.⁶</span> <span class='ocrx_word' id='word_1_287' title='bbox 1035 4167 1096 4222; x_wconf 79' lang='lat'>913.</span> <span class='ocrx_word' id='word_1_288' title='bbox 1184 4165 1254 4222; x_wconf 79' lang='lat'>280</span> 
     </span>
     <span class='ocr_line' id='line_1_37' title="bbox 100 4253 1254 4324; baseline 0.001 -16"><span class='ocrx_word' id='word_1_289' title='bbox 100 4253 162 4310; x_wconf 84' lang='lat' dir='ltr'>clm.</span> <span class='ocrx_word' id='word_1_290' title='bbox 182 4255 261 4311; x_wconf 81' lang='grc'><strong>4016.</strong></span> <span class='ocrx_word' id='word_1_291' title='bbox 298 4255 330 4309; x_wconf 92' lang='lat' dir='ltr'>ln</span> <span class='ocrx_word' id='word_1_292' title='bbox 350 4269 447 4308; x_wconf 87' lang='lat' dir='ltr'>unsrer</span> <span class='ocrx_word' id='word_1_293' title='bbox 465 4254 512 4307; x_wconf 89' lang='lat' dir='ltr'>hs:</span> <span class='ocrx_word' id='word_1_294' title='bbox 538 4271 600 4323; x_wconf 88' lang='lat' dir='ltr'>que.</span> <span class='ocrx_word' id='word_1_295' title='bbox 707 4254 839 4311; x_wconf 75' lang='lat' dir='ltr'>seoda:</span> <span class='ocrx_word' id='word_1_296' title='bbox 870 4256 912 4308; x_wconf 89' lang='lat' dir='ltr'>ut.</span> <span class='ocrx_word' id='word_1_297' title='bbox 1007 4253 1099 4308; x_wconf 71' lang='lat' dir='ltr'>illas</span> <span class='ocrx_word' id='word_1_298' title='bbox 1122 4253 1254 4324; x_wconf 78' lang='lat' dir='ltr'>fulgendo</span> 
     </span>
     <span class='ocr_line' id='line_1_38' title="bbox 101 4338 1255 4409; baseline -0.002 -15"><span class='ocrx_word' id='word_1_299' title='bbox 101 4341 140 4396; x_wconf 85' lang='lat' dir='ltr'>bia</span> <span class='ocrx_word' id='word_1_300' title='bbox 157 4359 222 4396; x_wconf 77' lang='lat' dir='ltr'>aum</span> <span class='ocrx_word' id='word_1_301' title='bbox 244 4341 351 4396; x_wconf 85' lang='lat' dir='ltr'>schluss</span> <span class='ocrx_word' id='word_1_302' title='bbox 369 4340 458 4396; x_wconf 85' lang='lat' dir='ltr'>disses</span> <span class='ocrx_word' id='word_1_303' title='bbox 480 4340 607 4397; x_wconf 85' lang='lat' dir='ltr'>absataes</span> <span class='ocrx_word' id='word_1_304' title='bbox 624 4341 663 4396; x_wconf 88' lang='lat' dir='ltr'>ist</span> <span class='ocrx_word' id='word_1_305' title='bbox 681 4340 753 4396; x_wconf 88' lang='lat' dir='ltr'>uach</span> <span class='ocrx_word' id='word_1_306' title='bbox 772 4342 835 4397; x_wconf 92' lang='lat' dir='ltr'>clm.</span> <span class='ocrx_word' id='word_1_307' title='bbox 847 4342 917 4396; x_wconf 82' lang='lat'>4016</span> <span class='ocrx_word' id='word_1_308' title='bbox 937 4339 1097 4397; x_wconf 83' lang='lat' dir='ltr'>ronGhmal</span> <span class='ocrx_word' id='word_1_309' title='bbox 1117 4338 1255 4409; x_wconf 76' lang='lat' dir='ltr'>gedruclrt</span> 
     </span>
     <span class='ocr_line' id='line_1_39' title="bbox 101 4425 1254 4500; baseline -0.001 -18"><span class='ocrx_word' id='word_1_310' title='bbox 101 4427 128 4482; x_wconf 90' lang='lat' dir='ltr'>ia</span> <span class='ocrx_word' id='word_1_311' title='bbox 146 4429 201 4484; x_wconf 85' lang='lat' dir='ltr'>den</span> <span class='ocrx_word' id='word_1_312' title='bbox 220 4428 496 4500; x_wconf 76' lang='lat' dir='ltr'>Sitaungsbsrichten</span> <span class='ocrx_word' id='word_1_313' title='bbox 516 4428 543 4482; x_wconf 87' lang='lat' dir='ltr'>d.</span> <span class='ocrx_word' id='word_1_314' title='bbox 557 4429 669 4486; x_wconf 85' lang='lat' dir='ltr'>Wiener</span> <span class='ocrx_word' id='word_1_315' title='bbox 681 4429 774 4486; x_wconf 74' lang='lat' dir='ltr'>ekae.</span> <span class='ocrx_word' id='word_1_316' title='bbox 793 4427 827 4498; x_wconf 88' lang='lat' dir='ltr'>V,</span> <span class='ocrx_word' id='word_1_317' title='bbox 848 4431 909 4485; x_wconf 87' lang='grc'><strong>651.</strong></span> <span class='ocrx_word' id='word_1_318' title='bbox 968 4429 985 4482; x_wconf 83' lang='lat' dir='ltr'>b</span> <span class='ocrx_word' id='word_1_319' title='bbox 1006 4429 1073 4483; x_wconf 82' lang='grc'><strong>1449</strong></span> <span class='ocrx_word' id='word_1_320' title='bbox 1093 4427 1122 4482; x_wconf 82' lang='lat' dir='ltr'>ff.</span> <span class='ocrx_word' id='word_1_321' title='bbox 1141 4425 1254 4481; x_wconf 77' lang='lat' dir='ltr'>sudse-</span> 
     </span>
     <span class='ocr_line' id='line_1_40' title="bbox 101 4515 403 4582; baseline -0.013 -10"><span class='ocrx_word' id='word_1_322' title='bbox 101 4515 248 4574; x_wconf 79' lang='lat' dir='ltr'>etroniken</span> <span class='ocrx_word' id='word_1_323' title='bbox 267 4515 301 4582; x_wconf 86' lang='lat'>11,</span> <span class='ocrx_word' id='word_1_324' title='bbox 321 4519 356 4574; x_wconf 82' lang='grc'>93</span> <span class='ocrx_word' id='word_1_325' title='bbox 374 4515 403 4570; x_wconf 82' lang='lat' dir='ltr'>ff.</span> 
     </span>
    </p>

    <p class='ocr_par' dir='ltr' id='par_1_5' title="bbox 1000 4601 1045 4659">
     <span class='ocr_line' id='line_1_41' title="bbox 1000 4601 1045 4659; baseline 0 -25"><span class='ocrx_word' id='word_1_326' title='bbox 1000 4601 1045 4659; x_wconf 62' lang='lat'>2!</span> 
     </span>
    </p>
   </div>
   <div class='ocr_carea' id='block_1_5' title="bbox 0 0 1511 5070">
    <p class='ocr_par' dir='ltr' id='par_1_6' title="bbox 0 0 1511 5070">
     <span class='ocr_line' id='line_1_42' title="bbox 0 0 1511 5070; baseline 0 0"><span class='ocrx_word' id='word_1_327' title='bbox 0 0 1511 5070; x_wconf 95' lang='lat' dir='ltr'> </span> 
     </span>
    </p>
   </div>
  </div>
 </body>
</html>
