2990 5068
663 421 721 486 171

86 616 129 659 eo
157 593 306 661 liberior
327 595 506 662 securiorve
519 596 587 662 fieri
611 596 712 681 possit
727 595 748 662 ¹.
814 595 851 661 lu
869 596 931 681 hijs
947 596 1042 661 trinis
1062 596 1166 663 adhuc
1180 597 1275 678 hodie

85 699 262 766 laborant
279 704 322 777 et,
346 723 408 785 que
423 722 480 784 per
495 700 718 785 deputaciones
739 701 833 780 fiunt,
860 701 893 765 in
917 701 983 766 dies
1005 701 1044 766 ad
1067 723 1159 767 sures
1181 703 1272 786 prin-

86 805 231 890 cipum,
253 807 424 890 presertim
440 806 620 890 legatorum
637 827 718 891 pape
739 812 771 872 et
786 806 991 890 imperatoris
1007 809 1039 871 et
1057 804 1189 889 Ungari,
1214 807 1267 874 de-

87 912 274 991 teruntur,
297 931 360 995 que
381 908 535 976 haetenus
569 909 765 994 aliquando⁸
798 912 1038 997 displicuerunt.
1091 910 1176 976 Deus
1198 933 1273 977 vero

88 1038 159 1081 sna
205 1016 437 1101 benignissima
477 1017 586 1101 gracia
622 1017 771 1082 unionem
804 1018 1069 1102 concordiamque
1101 1016 1187 1081 inter
1220 1037 1273 1082 eos

91 1121 231 1204 pariat,
255 1127 294 1186 nt
317 1120 449 1188 eeclesia
471 1144 528 1187 sua
549 1127 660 1188 sancte
681 1123 853 1210 cunctique
882 1123 1002 1190 Christi
1026 1123 1144 1202 fideles,
1168 1123 1271 1188 omnis

91 1227 252 1311 denique
275 1229 384 1292 nostra
406 1227 513 1310 petria
535 1226 688 1309 gaudium
719 1229 833 1312 ingens
848 1230 1017 1314 percipiat,
1041 1232 1078 1292 ut
1102 1230 1135 1292 et
1155 1227 1273 1294 nostris

95 1331 244 1396 tandem
276 1332 367 1396 bonis
400 1332 535 1418 quisque
567 1334 601 1397 in
633 1355 710 1418 pace
742 1333 808 1398 frui
838 1334 950 1418 possit.
1003 1331 1091 1409 Quod
1128 1332 1273 1418 quamvis

94 1457 223 1502 omnes
257 1441 445 1521 peroptant,
479 1438 641 1524 utrimque
672 1442 778 1504 temen
802 1437 941 1504 comodis
963 1438 1116 1522 privatis,
1154 1437 1273 1516 amris,

97 1541 306 1622 ambicione,
328 1541 400 1606 odio
423 1542 533 1608 dediti.
583 1542 809 1609 Dissimulatus
838 1544 974 1628 denique
996 1565 1085 1609 amor
1107 1544 1273 1628 latensque

99 1648 234 1726 odium,
267 1649 315 1712 uti
339 1647 510 1714 verissimis
537 1649 652 1715 vestris
675 1650 855 1716 inseruistis
881 1650 1028 1734 scriptis,
1058 1671 1111 1716 eos
1134 1651 1167 1714 in
1191 1649 1273 1714 bono

101 1752 262 1818 stabilire
285 1775 348 1818 non
371 1754 575 1838 permittunt.
631 1755 824 1821 ³Adventus
846 1755 897 1822 Jo.
914 1753 1002 1821 Vitel
1019 1755 1123 1838 primo
1147 1777 1166 1820 a
1189 1754 1273 1820 mul·

102 1861 154 1924 tia
179 1859 213 1924 iu
238 1858 376 1924 derisum
399 1866 431 1925 et
454 1860 661 1945 vilipendium
684 1861 942 1946 Augustensibus
976 1865 1143 1945 reputatus
1174 1859 1238 1925 fuir
1250 1859 1273 1940 ⁴,

106 1967 201 2051 quod
225 1966 259 2030 in
283 1965 404 2030 diesin
428 1966 561 2032 dedecus
589 1989 651 2032 non
685 1989 818 2052 parvum
840 1965 1101 2052 Augustensibus
1123 1965 1274 2046 venisset,

106 2071 178 2136 nisi
203 2069 350 2136 Radarm
373 2071 500 2137 taudem
523 2072 758 2156 supervenisset
770 2070 794 2152 ⁸,
829 2093 887 2156 per
911 2071 999 2136 cuius
1023 2071 1197 2136 adventum
1219 2070 1273 2135 de·

108 2177 211 2242 decus
226 2176 288 2241 iem
306 2182 449 2242 exortum
467 2177 650 2263 aliqualiter
665 2178 808 2261 sopitum
828 2177 899 2242 luit.
949 2176 1167 2262 Augustenses
1188 2176 1272 2240 enim

110 2283 202 2368 (qui)
226 2283 343 2347 merito
364 2304 489 2367 semper
503 2283 582 2350 alias
597 2283 786 2350 antecellere
806 2304 994 2349 consuevere
1012 2281 1170 2360 civitates,
1199 2277 1272 2367 [set]

109 2409 188 2453 cnm
213 2387 309 2454 homo
331 2394 398 2453 tem
421 2389 572 2468 abiectus,
597 2389 780 2474 incognitus
803 2389 1010 2474 insulsusque
1045 2388 1131 2452 visus
1157 2385 1273 2466 fueret,

111 2493 215 2560 ceteri
238 2493 343 2577 ipsum
367 2495 561 2578 repudiando
582 2494 738 2562 «Iacobum
766 2494 909 2579 Ehinger
943 2517 1007 2560 non
1044 2493 1113 2558 sine
1135 2491 1274 2557 msximo

111 2599 268 2665 dedecore
293 2598 545 2686 Augusteusium
570 2601 720 2667 adiuncto
745 2599 867 2666 Jodoco
891 2598 1000 2665 Tetcel
1015 2599 1047 2678 ⁰,
1072 2598 1127 2684 qui
1152 2603 1188 2662 ut
1207 2597 1273 2661 sin·

111 2705 202 2789 gulis
224 2705 416 2770 tractatibus
438 2705 638 2784 interessent,
661 2706 754 2772 electi
778 2705 918 2772 fuerunt.
973 2702 1051 2770 Cum
1079 2702 1163 2769 enim
1187 2723 1272 2768 oom-

113 2809 286 2876 msmorari
318 2809 421 2890 soleo,
469 2833 532 2894 que
570 2815 759 2896 tempestate
791 2811 853 2876 ists
887 2810 1023 2875 maxime
1055 2809 1190 2874 florebat
1224 2829 1274 2872 res

112 2913 408 3000 publicaAuguste,
420 2917 543 2982 cunctis
558 2917 623 2982 vite
639 2916 811 2982 commodis
835 2913 1040 2994 redundabat,
1055 2918 1174 2980 atvero
1190 2935 1274 2980 nunc

112 3027 277 3088 certorum
294 3041 404 3101 mores,
417 3023 585 3106 presertim
603 3023 799 3105 primorum,
822 3023 966 3106 corrupti
981 3025 1057 3085 sunt
1078 3025 1111 3085 et
1126 3021 1272 3100 avaricia,

111 3126 266 3210 superbia
298 3130 394 3212 atque
426 3127 597 3194 crudelitas
635 3149 745 3194 eorum
769 3128 885 3193 invasit
908 3127 1050 3204 animos,
1082 3126 1169 3192 illam
1194 3147 1273 3210 pau-

111 3233 206 3298 latim
230 3233 450 3312 immutatam,
486 3255 523 3298 ex
547 3233 739 3317 pulcerrima
779 3238 875 3318 atque
899 3231 1022 3318 optima
1044 3233 1215 3316 pessimam
1238 3255 1274 3299 ac

114 3339 311 3426 flagicioaam
334 3338 453 3405 iactam
476 3359 544 3404 esse
566 3339 724 3423 conspicio
740 3335 761 3404 ⁷.
818 3336 897 3403 (lum
929 3337 1014 3403 enim
1046 3337 1218 3404 discordias
1240 3343 1275 3403 et

114 3451 148 3512 et
171 3444 352 3512 simultates
380 3445 466 3510 inter
495 3466 528 3510 se
550 3465 704 3523 exercere,
729 3446 812 3512 cives
849 3466 921 3510 cum
945 3442 1068 3509 civibus
1094 3443 1131 3510 de
1154 3444 1274 3510 honore

115 3559 149 3618 et
171 3552 331 3636 dignitate
355 3556 486 3630 certare,
510 3574 572 3638 que
594 3573 686 3618 cause
719 3554 855 3618 maxime
890 3554 936 3617 rei
959 3548 1088 3634 publice
1108 3551 1274 3617 interitum

116 3665 216 3746 atque
245 3679 390 3724 comum
417 3657 486 3724 iore
519 3659 617 3724 timeo
631 3657 653 3723 ⁸.
710 3656 791 3724 Nem
828 3659 902 3723 iude
936 3661 1050 3724 cuncta
1083 3658 1168 3724 mela
1203 3663 1274 3724 ortu

684 3761 705 3800 Ι·

189 3836 202 3889 1
224 3835 265 3888 lst
283 3831 376 3888 bisher
395 3829 474 3887 nicht
492 3832 627 3888 bekannt.
701 3833 717 3886 2
738 3831 889 3888 »ecelicber
907 3849 998 3887 mese«
1019 3831 1064 3887 bei
1085 3832 1274 3898 Dietieubach,

116 3920 299 3980 Glossarium.
364 3923 380 3976 3
400 3917 461 3978 Von
480 3920 540 3976 hier
559 3937 597 3974 an
615 3919 669 3973 mit
690 3918 808 3975 auderet
821 3920 913 3990 ¹feder,
932 3920 1001 3975 aber
1019 3921 1090 3976 doch
1109 3919 1182 3976 wohl
1202 3919 1273 3973 daau

118 4010 243 4080 gehorig.
279 4007 348 4064 Sehr
366 4008 447 4063 starlr
466 4005 624 4078 corrigiert.
690 4007 803 4063 4Doch
821 4007 904 4071 wohl,
924 4005 986 4062 weil
1006 4023 1035 4060 er
1056 4006 1177 4062 straden
1196 4007 1274 4059 adnl-

117 4103 164 4155 tcn
182 4111 251 4154 w.
289 4085 364 4152 iiber
383 4093 486 4150 Viltels
504 4094 717 4166 unglttotliehes
746 4093 817 4150 ende
837 4095 895 4164 vgl.
914 4095 956 4149 St.
975 4092 1039 4149 chr.
1061 4091 1152 4156 xxu,
1172 4092 1225 4147 420
1244 4092 1272 4148 ff.

116 4188 131 4240 5
160 4183 350 4254 nenugung
373 4181 463 4237 dieser
483 4181 630 4238 nachriotrt
648 4179 735 4236 durch
768 4185 800 4234 Α.
821 4179 851 4236 P.
874 4181 991 4246 (lasset,
1021 4179 1142 4234 Annales
1172 4178 1273 4248 Auget

118 4275 269 4345 burgenses
299 4269 344 4326 bei
370 4269 496 4332 Mencke,
523 4267 676 4340 Scriptores
701 4268 820 4332 I,1662.
934 4266 1056 4322 6Jacob
1085 4265 1207 4336 Ehtuger
1235 4267 1274 4321 iet

117 4361 159 4416 ein
183 4359 288 4422 Ulmer,
305 4356 424 4414 Jodccus
442 4356 537 4412 Tetael
557 4357 602 4411 ein
622 4355 809 4426 Ntrnbergar
827 4373 849 4413 s.
871 4355 962 4418 dabri,
983 4353 1134 4410 Tractatus
1152 4353 1188 4410 de
1207 4353 1273 4410 civi-

115 4449 176 4503 tate
195 4445 379 4501 ermeneias
398 4445 456 4499 und
475 4443 749 4500 stacte-euronium
771 4445 804 4499 X.
825 4445 863 4498 XI
882 4443 996 4514 passim.
1082 4446 1097 4498 7
1120 4443 1183 4514 Vgl.
1202 4443 1273 4499 oben

116 4554 136 4590 n
155 4539 200 4591 45.
325 4530 421 4587 esur
437 4535 457 4588 f.
478 4533 528 4588 ult
557 4533 656 4602 [cretes
683 4535 799 4604 concept
824 4549 858 4586 au
876 4549 918 4586 nr.
939 4531 983 4603 19]
1010 4532 1103 4587 lautet
1128 4531 1177 4586 der
1196 4534 1271 4586 satu:
