2990 5068
620 403 679 469 141

74 584 358 667 optabilioremque
377 583 476 647 vitam
492 586 524 644 te
540 579 746 658 transtulisti,
757 601 819 645 non
832 602 900 646 eam
920 581 1057 666 quidem,
1074 606 1135 668 que
1150 584 1223 668 plu*

74 689 157 754 ribus
180 690 305 755 infensa
330 709 397 753 esse
411 688 546 766 videtur,
569 690 618 751 881
640 686 679 751 ad
702 686 910 771 tranquillam
929 687 1102 773 mitemque
1126 695 1159 754 et
1182 692 1222 754 ab

74 793 234 860 bominum
250 794 352 878 vicijs,
375 814 438 858 non
454 794 495 857 ab
511 792 710 858 humanitate
726 795 877 858 semotam
893 793 913 861 ¹.
961 791 998 858 Iu
1015 816 1079 879 qua
1100 796 1222 861 tadeus

74 919 125 962 sue
148 899 379 984 benignissime
403 898 510 983 gratia
534 918 685 982 prospere
715 896 915 982 feliciterque
936 904 969 964 et
984 908 1225 982 perseveranter

73 1025 256 1070 conservare
271 1005 304 1069 iu
320 1005 369 1069 sui
385 1003 552 1069 servicium
569 1003 647 1068 velit
669 1023 868 1086 summopere
896 1008 984 1087 opto,
1007 1009 1179 1088 preceptor
1191 1011 1224 1070 et

74 1107 175 1173 fautor
197 1108 428 1175 colendissimo.

155 1213 305 1280 Ceterum
322 1216 351 1280 d.
369 1213 550 1280 Leouardus
567 1213 690 1293 Gessel,
710 1215 881 1280 canonicus
902 1219 935 1279 et
945 1214 1081 1280 decanus
1095 1215 1225 1280 ecclesie

79 1317 294 1402 tagastensis,
316 1320 425 1405 paucis
443 1319 573 1385 refluxis
595 1319 707 1384 diebus
732 1340 770 1384 ex
795 1316 962 1404 ydropisi¹
987 1325 1120 1384 mortem
1143 1320 1225 1404 obijt

74 1423 222 1504 optimam
246 1445 320 1494 cum
335 1425 505 1490 devocione
521 1424 710 1509 racioneque
726 1425 862 1508 integra,
885 1423 1020 1507 singuiis
1044 1424 1135 1488 bonis
1158 1425 1223 1490 suia

77 1531 261 1595 testamento
283 1528 436 1595 laudabili
466 1551 525 1614 per
558 1529 661 1614 ipsum
689 1529 853 1594 ordinetis.
902 1528 969 1594 Etsi
997 1529 1107 1594 multis
1139 1552 1226 1596 mors

76 1632 136 1696 eius
158 1635 305 1715 molesto,
327 1635 408 1700 mibi
425 1641 531 1700 tamen
558 1636 671 1700 ceteris
704 1635 867 1700 molestior
893 1635 965 1712 fuit,
988 1655 1059 1699 nam
1077 1657 1170 1719 quem
1189 1641 1225 1700 ut

77 1736 205 1806 alterum
223 1747 387 1824 parentem
404 1763 529 1826 semper
555 1741 639 1806 colui
667 1740 973 1825 diligentissimeque
997 1740 1170 1818 observavi,
1193 1747 1225 1806 et

78 1864 162 1925 quem
187 1846 221 1910 in
245 1845 326 1910 meis
341 1846 472 1929 agendis
488 1849 707 1929 preceptorem
742 1843 947 1910 favorabilem
969 1867 1093 1928 semper
1116 1845 1223 1925 babai,

78 1947 188 2014 innon
213 1967 347 2034 parvam
363 1951 518 2016 iacturam
542 1950 704 2016 sublatum
739 1950 882 2014 emedio
907 1950 1010 2034 ipsum
1035 1951 1114 2016 mibi
1139 1972 1223 2016 com·

77 2053 167 2134 perio.
214 2055 364 2119 Miseram
379 2077 456 2122 sane
479 2057 549 2120 dico
566 2056 629 2120 vite
665 2058 775 2120 nostre
799 2055 1029 2135 condicionem,
1059 2077 1121 2140 que
1142 2078 1223 2120 nun-

80 2179 166 2238 quam
193 2165 341 2245 optatum
367 2163 515 2226 eventum
544 2161 753 2246 cogitationes
785 2165 908 2224 nostres
931 2159 1110 2243 conspicere
1136 2161 1223 2226 sinit.

79 2259 227 2330 Successit
252 2267 285 2330 in
302 2267 370 2332 eius
383 2265 486 2330 locum
504 2267 533 2332 d.
549 2264 676 2331 Ulricus
706 2265 745 2330 de
762 2265 939 2348 Recbperg‚
962 2265 1041 2330 iuris
1067 2267 1223 2350 pontilicij

79 2366 188 2448 doctor,
211 2373 263 2436 vir
285 2371 453 2437 admodum
475 2372 598 2438 iuvenis
615 2378 647 2436 et
668 2373 863 2455 inexpertus,
888 2393 982 2456 quem
1005 2370 1037 2434 in
1054 2371 1159 2435 virum
1174 2379 1224 2435 ta·

82 2494 144 2537 meu
159 2475 278 2541 bonum
299 2497 465 2542 erasmum
482 2498 589 2542 omues
608 2474 803 2560 speramus³.

156 2579 255 2646 Soror
273 2581 465 2647 marchionis
481 2581 620 2658 ditasti,
654 2603 715 2665 que
738 2579 815 2646 olim
838 2580 1053 2664 principatum
1078 2581 1111 2643 in
1134 2577 1224 2643 111111-

82 2683 149 2769 berg
171 2688 288 2766 tenuit,
317 2687 451 2752 sabbato
487 2691 560 2770 post
585 2685 740 2750 Jacobum
778 2683 931 2771 [juliar]
957 2686 1046 2770 quasi
1080 2685 1224 2749 subitoe

80 2788 138 2854 vita
152 2793 286 2858 decessit
300 2794 332 2856 iu
351 2791 571 2878 Landsbutaf.
595 2791 730 2876 Insuper
745 2791 829 2855 haud
846 2790 957 2856 dubito
971 2795 1004 2855 te
1015 2787 1103 2877 [non]
1115 2789 1224 2868 latere,

81 2901 203 2974 gnatum
228 2903 318 2962 tuum
346 2896 586 2983 81318111ηά11]
608 2897 670 2980 bijs
695 2897 806 2962 diebus
848 2901 976 2962 uectum
1007 2917 1129 2960 summa
1152 2915 1222 2960 cum

81 2998 280 3082 iocunditate,
303 3006 336 3067 et
351 3004 435 3087 qued
453 3004 574 3068 cunctis
590 3003 780 3067 mortalibus
807 3002 1037 3087 peroptandum
1054 3005 1112 3078 eet,
1125 3000 1222 3066 filiam

83 3101 182 3172 Jacobi
193 3107 378 3172 Hemerleiu
390 3109 421 3172 in
436 3109 612 3192 coniugem,
630 3107 915 3190 bonieparentibas
927 3127 963 3171 ac
975 3104 1136 3189 probitate
1148 3105 1224 3169 edu·

83 3216 175 3276 catam
197 3214 431 3298 magnificaque
456 3215 529 3280 dote
550 3214 749 3278 subarratam
765 3213 787 3276 ⁵.
825 3211 1034 3287 Quamobrem
1058 3210 1120 3273 sibi
1146 3211 1223 3274 tibi·

84 3337 135 3398 que
156 3319 295 3384 maximo
318 3319 419 3383 cordis
448 3319 564 3402 gaudio
604 3339 740 3401 veraque
761 3315 869 3380 leticia
892 3313 1142 3396 congratulando
1167 3313 1224 3379 bec

83 3419 198 3492 lortuue
223 3447 355 3490 munera
377 3423 538 3488 affluxisse
554 3424 592 3488 ad
614 3428 824 3507 augmentum
848 3422 1015 3496 bonorum,
1038 3419 1223 3485 diviciarum

85 3527 175 3608 glorie
197 3533 327 3615 viteque
349 3530 444 3615 longe
472 3551 541 3594 cum
560 3529 662 3592 salute
685 3532 819 3612 peropto
836 3531 867 3592 et
882 3526 966 3612 quod
982 3530 1116 3607 gnatum
1133 3531 1222 3590 tuum

639 3631 657 3666 aa

145 3708 156 3758 l
175 3705 354 3762 Goseembrot
371 3702 453 3756 hatte
470 3701 508 3756 im
527 3701 671 3756 december
690 3699 1025 3770 1461881111138111381
1043 3699 1224 3768 biirgerrecbt

85 3791 249 3864 aulgegeben
272 3793 328 3847 uod
347 3790 407 3844 sich
427 3787 677 3858 nachStraeeburg
689 3788 925 3856 auritclrgeaogen.
1024 3787 1041 3840 2
1059 3785 1084 3842 S.
1105 3783 1223 3840 Dieffeu·

86 3874 331 3944 tacueramus.
353 3895 379 3934 v.
487 3875 668 3932 311188118111
690 3875 784 3944 146213
804 3874 846 3927 ala
865 3873 980 3928 student
1000 3872 1055 3927 und
1075 3871 1153 3926 daun
1180 3871 1223 3926 als

86 3971 234 4032 procurator
266 3968 315 4023 der
333 3966 482 4022 deutschen
501 3964 598 4020 uatiou
617 3963 646 4016 iu
658 3962 784 4031 Bologna
803 3979 822 4014 s.
833 3959 1013 4015 Friedlttnder
1032 3977 1056 4012 1.
1070 3959 1223 4028 Μ8183ο18,

88 4051 145 4109 deta
160 4057 225 4122 com
246 4055 302 4126 vgl.
321 4051 608 4114 sterelitatem
627 4050 683 4104 rand
703 4050 749 4104 Pl.
769 4050 873 4115 Brauu,
892 4046 943 4102 Die
964 4047 1130 4103 Domlrircbe
1148 4043 1222 4100 2311.

87 4142 166 4196 11211
184 4145 205 4199 1.
294 4142 395 4212 11131.
419 4141 459 4197 St.
483 4139 735 4202 6111.111111,1’19.
773 4139 829 4193 Das
848 4137 967 4205 ricbtiga
986 4134 1167 4192 todeadetum
1186 4133 1223 4186 iet

88 4225 182 4297 (11124,
195 4250 216 4286 8.
231 4230 344 4295 fitutia,
364 4226 536 4296 Genealogie
547 4225 574 4279 d.
589 4225 807 4281 Wittelsbacber
823 4224 888 4279 126.
962 4228 977 4277 5
997 4220 1042 4276 Sie
1055 4221 1134 4276 starb
1153 4222 1223 4276 noch

87 4311 117 4367 im
132 4317 223 4374 selben
238 4317 321 4389 jabre
350 4315 501 4377 kinderlos,
519 4331 540 4367 8.
559 4330 631 4383 cgm.
651 4312 686 4368 98
710 4313 728 4369 1.
749 4310 804 4367 291.
847 4311 901 4366 Iler
918 4310 1037 4379 jilugare
1063 4307 1221 4379 Sigismuad

87 4404 207 4462 radent
233 4405 288 4463 8811
315 4406 382 4460 1471
410 4403 440 4458 iu
471 4400 650 4458 effaatliahsn
678 4403 788 4456 tmteru
815 4398 873 4454 und
901 4396 987 4451 etirbt
1012 4398 1036 4451 2.
1056 4399 1126 4468 sept.
1147 4397 1222 4454 1500.

88 4485 219 4552 trabalem
237 4495 266 4550 in
291 4493 341 4548 der
359 4489 556 4547 Moritakircbe
574 4489 604 4544 iu
626 4489 783 4559 Augsburg.
