3062 5068
663 431 727 500 203

109 629 184 674 mee
201 607 304 674 felicis
318 605 549 672 recordacionis
566 605 690 670 cuidam
709 605 812 670 vicino
826 605 955 670 domino
971 603 1273 694 nomineJo[snnss]

108 712 332 797 Grnuvvaldyr
353 733 508 778 consensu
538 711 653 795 patris,
676 732 747 776 mec
769 732 806 775 ac
828 716 1005 777 ceterorum
1024 712 1274 795 consanguineo·

110 841 186 884 rum
211 816 420 901 desponsavi,
450 819 498 882 uti
529 815 658 900 scriptis
681 814 788 899 Georij
821 816 1016 882 intellexisse
1051 837 1106 881 vos
1128 815 1273 902 plenarie

109 923 195 988 haut
219 922 340 999 dubito,
363 921 415 987 die
437 922 511 987 lune
538 920 604 986 xvi⁰
618 920 759 986 octobris
782 921 851 1004 ipso
874 921 924 986 die
945 921 1009 986 divi
1023 920 1110 986 Galli
1130 921 1274 1004 proxime

112 1025 250 1113 nupcias
271 1026 498 1094 celebraturus.
550 1024 631 1091 Cum
642 1027 677 1108 (1)
692 1033 798 1090 antem
821 1027 854 1091 in
879 1026 1061 1093 huiusmodi
1084 1026 1272 1111 nupciarum

110 1131 316 1217 sollempnijs
338 1132 503 1216 presencie
530 1131 720 1197 amicissime
745 1153 879 1216 persone
894 1139 997 1200 vestre
1017 1133 1147 1200 honoris
1170 1133 1273 1217 pluri-

115 1259 207 1303 mum
230 1243 264 1302 et
287 1235 409 1302 decoris
431 1237 524 1302 nobis
546 1235 695 1302 omnibns
717 1236 856 1302 allatura
875 1237 927 1316 sit,
950 1259 1043 1303 nemo
1059 1242 1107 1303 est
1123 1237 1179 1320 qni
1202 1257 1273 1302 nes·

112 1343 189 1407 ciat.
250 1341 294 1407 lla
324 1346 457 1426 propter
493 1342 649 1407 maiorem
679 1343 712 1406 in
746 1343 872 1408 rnodnm
896 1342 1013 1409 iterum
1036 1349 1134 1429 atque
1155 1344 1273 1409 iterum

114 1469 207 1534 rogo,
230 1451 387 1533 qnatenus
417 1469 478 1532 pro
509 1451 613 1513 vestra
639 1448 671 1512 ia
696 1471 744 1513 me
768 1448 1001 1527 benevolencia,
1023 1470 1082 1532 pro
1104 1469 1174 1514 meo
1196 1448 1274 1513 item

113 1554 148 1618 in
171 1574 228 1618 vos
259 1575 385 1634 amore,
426 1553 533 1621 dudio
562 1558 595 1619 et
617 1554 822 1620 observancia
845 1554 931 1620 huno
958 1553 1060 1637 ipsum
1085 1554 1272 1636 nupciarum

113 1660 199 1724 diem
223 1658 447 1724 iocundissima
479 1663 585 1723 vestra
607 1659 771 1743 presencia
792 1658 941 1724 decorare
957 1680 1020 1725 non
1045 1659 1196 1724 recusetis
1211 1679 1274 1722 nna

112 1785 188 1830 cnm
211 1763 392 1830 conthorali
405 1763 427 1843 ¹,
456 1785 552 1848 qnam
576 1783 637 1829 non
662 1764 768 1829 minus
791 1786 841 1828 me
863 1765 970 1830 adesse
993 1763 1101 1848 cupit,
1125 1765 1219 1847 rogat
1240 1766 1274 1827 et

110 1869 295 1934 obtestatur
319 1867 460 1934 barbara
483 1869 574 1952 ipsa,
599 1889 663 1934 non
687 1869 852 1934 immemor
883 1869 1019 1954 deniqne
1042 1867 1201 1953 promissi,
1223 1866 1272 1933 uti

113 1973 225 2053 refert,
248 1971 465 2060 du[du]m(l),
483 1972 662 2039 benivolum
679 1995 735 2039 vos
750 1974 931 2052 adventare,
947 1996 1019 2042 cnm
1033 1973 1273 2039 matrimonium

111 2081 212 2144 iniret
233 2083 267 2144 et
289 2079 420 2162 nupcias
451 2076 610 2144 celebrare
633 2082 850 2144 constitueret.
888 2078 959 2144 Feci
983 2079 1115 2145 verbum
1133 2077 1272 2144 Wilbel·

112 2183 313 2250 moProcaer
326 2181 350 2263 ¹,
373 2188 410 2249 ut
433 2186 513 2267 aput
542 2187 686 2250 senatum
710 2189 850 2250 vestrum
875 2205 935 2269 pro
950 2205 1105 2251 consensu
1128 2183 1273 2249 laborare

111 2289 201 2356 velit
261 2288 446 2356 Benivolnm
487 2290 565 2354 satis
593 2311 628 2355 se
650 2289 805 2356 exhibuit.
854 2288 991 2374 Expedit
1022 2288 1120 2355 semel
1145 2309 1198 2354 vos
1222 2289 1273 2354 hic

111 2395 277 2472 constitui,
306 2415 365 2460 nec
387 2395 629 2461 conveniencius
651 2396 715 2462 buc
729 2396 911 2477 adventare,
937 2418 1031 2483 quam
1054 2397 1113 2462 hoc
1128 2399 1273 2478 tempore

111 2499 291 2566 arbitratus
312 2520 396 2579 sum,
422 2506 458 2566 ut
480 2501 508 2566 si
530 2501 636 2567 forsan
659 2501 820 2568 obiectum
844 2504 1005 2588 presencia
1037 2506 1150 2580 vestre,
1175 2522 1270 2587 quam

117 2605 323 2691 magnifacio,
330 2611 475 2674 senatum
490 2630 616 2674 movere
630 2614 738 2694 posset
749 2631 809 2694 pro
824 2609 1032 2676 nanciscendo
1046 2613 1142 2674 statu.
1160 2605 1273 2672 Cetera

117 2711 343 2778 iocundissima
376 2713 525 2780 adventui
555 2719 661 2780 vestro
693 2735 747 2781 ore
780 2716 820 2781 ad
850 2737 885 2780 os
916 2714 1110 2799 expedienda
1130 2711 1272 2778 servabo.

119 2816 302 2882 Restitntus
329 2823 378 2884 est
400 2817 533 2886 Georius
556 2821 615 2886 deo
636 2821 715 2886 duce
737 2822 873 2905 pristine
894 2819 1036 2886 sanitati.
1090 2819 1273 2884 Adventum

118 2921 317 2988 conthoralis
340 2923 374 2988 in
397 2924 463 2990 dies
484 2929 705 3010 expectamus,
739 2949 832 3012 qnam
857 2927 967 3011 utique
989 2927 1027 2991 ad
1051 2931 1177 3010 tempus
1200 2945 1272 3009 pre-

116 3027 223 3094 fatum
248 3027 300 3094 bic
322 3029 560 3096 reservabimus.
601 3028 715 3096 Valete
737 3030 883 3098 feliciter.

593 3209 801 3218 ——-—.-—

663 3347 724 3420 99.

117 3487 299 3561 Benedict
332 3485 532 3582 Elvvanger
575 3510 624 3560 an
669 3487 861 3562 Hermann
902 3489 1069 3564 Schedel.
1144 3489 1272 3562 Erfmt

548 3609 644 3684 1478
671 3623 774 3684 mam
804 3613 834 3686 l.

433 3744 496 3799 orm.
515 3745 565 3800 aar
585 3747 604 3801 r.
626 3748 774 3805 sas-ass.
811 3748 949 3820 ongum

117 3857 238 3939 liber
268 3869 803 3956 diejunglrdnlinhlreit
837 3873 908 3935 des
942 3873 1144 3958 heiligen
1171 3875 1270 3939 llie·

587 3997 807 4060 ronymus.

212 4115 356 4182 Salutem
386 4115 464 4180 dicit
495 4115 680 4198 plurimam.
730 4115 807 4180 Cum
839 4139 941 4202 nuper
979 4119 1027 4182 vir
1056 4119 1198 4203 plurium
1230 4119 1270 4183 li-

117 4231 256 4289 terarum
300 4227 332 4286 et
377 4221 482 4286 divine
527 4221 688 4306 theologie
728 4222 910 4306 professor,
964 4225 1116 4306 viragister
1165 4229 1272 4289 noster

114 4335 146 4394 et
177 4333 347 4414 preceptor
376 4327 456 4392 mibi
493 4327 811 4408 observandissimus,
847 4329 999 4412 magister
1032 4327 1196 4394 Johannes
1233 4329 1272 4395 de

186 4501 200 4555 1
220 4501 245 4555 S.
265 4499 337 4556 oben
355 4517 398 4555 nr.
417 4500 460 4557 94.
532 4501 593 4556 28.
612 4443 723 4558 chenib.
746 4499 816 4558 190⁹.
