3002 5070
841 453 883 520 54

273 625 368 712 sium]
393 632 425 690 te
447 628 479 690 in
497 625 763 714 b[accalaureum]
781 625 791 662 ¹
815 647 882 692 esse
897 630 1089 710 promotum,
1113 628 1195 712 quod
1214 632 1247 692 et
1264 628 1439 712 singulare

274 732 354 797 mihi
378 731 490 797 attulit
513 732 663 798 solamen.
702 731 812 816 Spero,
836 737 868 798 te
891 731 923 798 in
948 733 1014 797 dies
1039 732 1077 798 ad
1101 732 1219 798 alciora
1244 735 1438 800 tendentem

274 837 454 904 uberiorem
476 838 608 922 adipisci
624 837 813 922 proiectum¹
837 837 875 918 si,
898 841 934 902 ut
957 858 1059 922 spero,
1082 839 1224 903 animum
1248 844 1338 904 tuum
1364 843 1441 903 stu·

274 944 326 1008 dio
350 945 503 1008 bonarum
519 942 638 1006 arcium
657 947 690 1007 et
705 963 830 1007 morum
845 942 997 1008 continuo
1019 941 1206 1026 applicabis.
1242 941 1386 1022 Vellem,
1411 942 1439 1006 si

275 1049 391 1114 bonum
407 1048 439 1112 in
457 1047 719 1112 adminicularis²
736 1047 880 1112 haurires
897 1046 1150 1126 fundamentum,
1174 1051 1211 1112 ut
1227 1049 1440 1133 quamtocius

275 1159 307 1218 te
336 1153 375 1217 ad
399 1151 540 1216 Ytaliam
575 1152 779 1231 transferres,
812 1152 864 1216 ubi
902 1151 1089 1217 thesaurum
1119 1152 1324 1217 scientiarum
1360 1152 1441 1236 plns

274 1280 370 1343 quam
381 1259 414 1324 in
439 1263 496 1323 tua
510 1258 643 1342 adipisci
660 1279 768 1342 posses
783 1257 1000 1322 universitate.
1048 1256 1149 1322 Miror
1163 1279 1221 1322 cur
1237 1262 1293 1322 tua
1308 1261 1440 1342 scripta

273 1385 436 1448 nunquam
460 1366 539 1446 aput
560 1386 611 1428 me
633 1362 739 1449 longis
762 1363 825 1427 ium
850 1361 1018 1427 retroactis
1033 1362 1144 1427 diebus
1166 1369 1438 1446 comparuerunt.

275 1467 348 1532 Nou
371 1469 456 1534 enim
479 1489 577 1544 secus,
603 1491 697 1553 quam
720 1468 747 1532 si
770 1467 831 1533 tibi
853 1466 1065 1534 alienissimus
1088 1489 1196 1546 essem,
1220 1489 1297 1552 erga
1321 1489 1378 1532 me
1401 1475 1435 1533 te

274 1574 423 1654 exhibes,
455 1595 526 1639 cum
559 1579 677 1654 tamen,
713 1595 773 1658 que
796 1572 949 1637 honorem
980 1576 1013 1636 et
1034 1571 1214 1657 profectum
1238 1593 1440 1638 conseruere

274 1682 408 1763 possunt
431 1685 531 1758 tuum,
555 1701 605 1744 me
627 1679 675 1743 uti
700 1677 977 1763 germanissimum
992 1698 1117 1761 semper
1137 1677 1279 1742 haberes.
1321 1675 1438 1744 Unum

274 1784 464 1868 prochdolor
489 1785 548 1849 tibi
574 1784 736 1850 insinuare
758 1805 864 1867 cogor,
888 1783 1066 1867 genitorem
1082 1803 1185 1848 meum
1208 1782 1293 1848 circa
1307 1783 1435 1850 festum

272 1889 375 1955 sancti
402 1888 617 1974 Bartholomej
648 1889 734 1976 [aug.
759 1887 814 1975 24]
839 1888 984 1973 proxime
1008 1888 1151 1972 elapsum
1173 1887 1259 1954 viam
1281 1889 1440 1954 universe

273 1994 378 2060 carnis
401 2015 467 2058 esse
490 1994 668 2079 ingressum
691 1994 744 2061 hic
767 2015 890 2058 mecum
920 1991 1100 2078 augustea
1147 1991 1210 2058 Pro
1233 1994 1301 2058 cius
1323 1994 1438 2060 anime

273 2121 351 2185 ergo
382 2099 484 2164 salute
513 2099 714 2165 oracionibus
745 2099 810 2163 tuis
833 2097 955 2163 devotis
984 2118 1061 2182 erga
1090 2099 1183 2164 deum
1215 2099 1376 2164 humilem
1403 2105 1437 2164 te

273 2203 404 2284 exhibe,
435 2203 551 2270 obnixe
581 2225 678 2288 rogo,
710 2208 831 2268 utnon
855 2204 983 2282 dubito¹
1016 2203 1121 2269 iacies.
1166 2203 1334 2270 Successus
1360 2208 1438 2270 tuos

273 2330 442 2394 prosperos
465 2315 497 2374 et
519 2309 727 2374 valitudinem
750 2309 891 2392 corporis
913 2308 992 2373 mibi
1015 2309 1144 2392 seriptis
1168 2309 1232 2374 tuis
1255 2332 1327 2376 cum
1354 2333 1434 2394 pro-
1494 2285 1495 2322 ³

272 2416 357 2479 ximo
392 2419 578 2481 occurrente
610 2415 772 2480 insinuare
802 2435 865 2480 non
889 2415 1008 2500 pigeat.
1055 2413 1093 2479 Iu
1110 2413 1238 2481 Christo
1269 2421 1302 2482 te
1325 2418 1438 2483 valere

273 2521 377 2604 cupio,
401 2522 457 2607 qui
475 2543 642 2606 personam
658 2527 746 2586 tuam
771 2521 849 2586 mihi
865 2543 972 2587 caram
987 2543 1173 2587 conservare
1195 2521 1353 2608 dignetur
1377 2548 1438 2610 per

274 2630 418 2709 tempora
441 2626 600 2690 diuturna.
648 2625 695 2690 Ex
720 2623 896 2713 A[ugusta]
920 2626 1001 2691 feria
1023 2633 1113 2692 sexta
1135 2631 1210 2692 ante
1233 2625 1378 2694 Simonis
1400 2637 1435 2696 et

273 2727 356 2796 Jude
378 2730 597 2816 apostolorum
621 2729 716 2796 le‘u

746 2889 869 2896 *nvn-*—
885 2887 952 2894 φ...-

816 2937 875 3010 23.

273 3061 399 3136 [Hnoh
427 3057 669 3132 demenduot
709 3081 758 3130 an
796 3059 922 3132 amnon
952 3061 1058 3132 vanu
1087 3057 1314 3154 prunund.
1359 3061 1433 3134 Pa·
1492 3101 1493 3112 a

642 3179 717 3253 dua
750 3181 845 3254 1459
876 3202 959 3254 nov.
986 3180 1047 3253 30.

431 3299 492 3356 clm.
506 3301 558 3355 424
571 3301 590 3356 f.
603 3300 734 3358 324-26.
763 3299 905 3355 Abschriit
925 3301 1085 3357 Hartmann
1104 3301 1233 3358 Schedels
1244 3303 1263 3358 ⁸.

273 3426 720 3508 Lobeserhebungeu.
783 3424 1091 3491 Naohrichten
1126 3428 1433 3513 rougesohfsf-
1491 3485 1492 3508 ,

273 3540 418 3598 tenan
455 3529 1434 3617 derkuriezuMantuaundvonSigisrnnnd

274 3637 538 3734 Meisteriin.
568 3619 1434 3722 bbersendungiralieniseherbildnisse.

361 3778 543 3843 (ianitorem
575 3799 666 3842 suum
700 3775 866 3842 Udalricus
895 3775 1128 3865 Goss[emprot]
1164 3777 1329 3866 salutem)
1354 3779 1431 3864 plu-

842 3883 862 3920 *
1490 3879 1491 3886 ,

345 3955 356 4006 l
380 3953 521 4008 Vialmehr
534 3949 740 4020 magisterium,
759 3967 779 4004 s.
794 3949 985 4006 wattenbach
1005 3949 1023 4004 i.
1042 3949 1070 4007 d.
1085 3947 1281 4019 Forsohuugen
1304 3951 1352 4017 xl.
1370 3956 1433 4009 361.

273 4041 343 4096 Dans
362 4040 440 4096 nieht
458 4043 532 4096 etwa
551 4038 709 4095 ainirrtnm
727 4038 767 4092 im
779 4038 877 4094 datum
895 4038 1027 4108 voriiagt,
1046 4037 1121 4108 aeigt
1143 4056 1186 4095 nr.
1200 4037 1243 4095 26.
1315 4041 1332 4093 2
1351 4039 1434 4096 Nacb

274 4147 314 4184 nr.
334 4129 368 4181 24
386 4127 424 4181 ist
443 4127 502 4182 hier
521 4127 630 4182 artibus
650 4126 868 4181 einausohieben.
941 4127 958 4180 8
977 4123 1016 4179 Er
1034 4125 1107 4181 hiess
1121 4125 1262 4194 Heinrich!
1282 4127 1335 4183 wic
1349 4129 1432 4183 Hart-

274 4233 373 4271 manus
384 4214 591 4270 barrskalender
606 4214 681 4283 [olm.
695 4213 758 4284 533]
771 4213 853 4282 zaigt
870 4230 911 4269 wo
925 4211 1018 4266 tura
1028 4231 1049 4266 a.
1062 4211 1130 4283 jahr
1144 4213 1211 4270 1480
1224 4213 1316 4270 steht:
1338 4215 1434 4271 »Obiit
1489 4261 1490 4282 1

275 4305 366 4358 mater
378 4301 498 4358 doctoris
513 4300 672 4366 Burmanni,
692 4319 761 4357 uxor
776 4301 895 4357 Heinrini
908 4300 1037 4357 Schedels
1048 4301 1078 4356 iu
1091 4301 1215 4359 crastino
1228 4305 1434 4374 assumptionis
1489 4297 1490 4300 '

274 4390 377 4445 Maris«
403 4389 550 4460 [aug.16].
588 4389 677 4444 Uebar
702 4389 749 4446 dia
770 4392 877 4446 mutter
902 4407 923 4444 a.
952 4389 1022 4445 noob
1042 4392 1129 4446 unten
1148 4407 1190 4444 nr.
1209 4393 1251 4446 67.
1345 4391 1432 4446 tDie

277 4477 358 4534 stello
377 4477 444 4533 tiber
463 4477 618 4533 Meisterlin
637 4477 694 4532 und
715 4478 820 4548 einiger
841 4478 946 4533 andare
963 4495 1015 4533 aus
1033 4477 1136 4534 dicaam
1149 4477 1224 4534 brief
1235 4477 1287 4534 hat
1299 4480 1434 4536 Watten·

279 4563 404 4618 bachim
425 4567 492 4621 Ana.
512 4564 532 4618 f.
552 4565 649 4622 Kded.
666 4565 725 4620 Vzr.
744 4564 816 4628 XVI.
831 4565 901 4622 roff.
922 4565 1087 4635 mitgeteilt.
1488 4633 1489 4678 p
