2990 5068
632 439 675 505 89

161 609 202 675 Ilt
224 609 352 674 demum
374 614 479 674 restra
507 613 682 681 admonitio
711 616 851 680 animum
877 635 981 679 meum
1011 611 1076 676 suis
1108 601 1229 672 viribus

71 715 269 782 diffidentem
293 715 327 780 in
343 716 507 783 audaciam
522 721 682 787 subeunde
698 718 913 805 precepcionis
930 721 1035 784 vestre
1051 716 1130 781 adeo
1152 729 1226 796 per·

72 823 173 901 duxit,
198 822 282 905 quod
306 843 369 886 non
385 821 448 887 ianr
465 822 658 890 humilitatis
681 826 804 904 fuisset,
829 827 1069 908 perseveranter
1091 815 1231 884 tenuisse

75 927 253 1004 silentium,
275 927 329 992 sed
353 929 510 1012 superbie.
558 929 599 996 Et
623 931 676 996 ubi
702 953 751 994 me
767 952 835 994 nrea
852 929 1014 995 rusticitas
1036 926 1156 992 fecerat
1176 922 1228 985 in·

73 1031 214 1096 validum
244 1033 478 1117 respondendo,
503 1035 571 1101 illie
603 1059 715 1120 nempe
743 1035 914 1101 studiosior
945 1039 1049 1100 vestre
1072 1031 1232 1114 repugnet

73 1137 272 1217 hnmanitas,
295 1139 349 1203 ubi
373 1139 504 1224 gravior
526 1147 624 1226 urget
648 1143 826 1207 necessitas.

166 1243 316 1309 Asseruit
331 1251 493 1327 postremo
517 1246 701 1312 humanitas
716 1252 822 1312 vestra
844 1267 903 1332 pro
926 1243 1147 1330 exploracione
1170 1237 1230 1304 loci

73 1346 258 1413 claustralis
290 1369 350 1432 pro
381 1351 543 1416 commodo
567 1353 729 1417 cuiusdam
753 1374 780 1417 r.
806 1345 1027 1438 h[umanitati]
1057 1345 1134 1412 noti.
1182 1343 1231 1408 Ad

74 1454 158 1538 quod
182 1474 393 1537 responsurus
404 1454 552 1520 brevibus
568 1457 784 1542 constringens
799 1455 914 1536 verbis,
939 1455 1022 1541 quod
1037 1452 1115 1518 satis
1132 1469 1232 1534 usque

76 1561 107 1622 in
132 1559 223 1624 hunc
245 1559 326 1622 diem
351 1581 370 1622 a
395 1581 444 1624 me
466 1560 577 1626 habita
600 1568 648 1628 est
663 1562 759 1627 huius
776 1563 821 1626 rei
842 1560 1049 1645 experiencio.
1098 1556 1139 1621 Et
1153 1574 1233 1639 opus

75 1686 141 1729 esse
166 1665 252 1740 dico,
276 1671 311 1730 ut
331 1665 387 1750 qui
404 1665 483 1732 talia
506 1667 630 1752 ingredi
654 1668 724 1732 loca
746 1668 941 1746 desiderant,
965 1661 1176 1750 personaliter
1198 1659 1231 1723 in

76 1770 267 1853 primordiis
289 1777 494 1854 compereant
507 1777 604 1856 atque
620 1772 840 1838 cohabitantes
855 1770 1061 1854 comprobare
1077 1767 1233 1842 nitentur,

75 1898 113 1940 ne
135 1875 309 1958 contingat
331 1877 443 1960 quovis
459 1877 560 1956 modo,
576 1878 722 1962 deinceps
745 1899 816 1943 enrn
833 1877 953 1941 retrahi
976 1876 1016 1941 ab
1033 1875 1170 1956 incepto,
1199 1890 1233 1932 ac

76 1981 281 2064 promissum,
305 1981 331 2045 si
348 1981 423 2065 quid
439 1983 656 2066 spoponderit,
672 1983 808 2067 persolvi
825 1983 1006 2066 exigeretur
1020 1979 1128 2045 invite.
1170 1973 1234 2040 Ne·

77 2087 198 2151 minem
223 2105 350 2170 quoque
372 2107 405 2150 se
428 2087 538 2154 dicunt
553 2089 682 2154 abbates
697 2095 730 2153 et
743 2089 865 2171 priores
880 2091 1072 2172 accepturos,
1095 2084 1128 2147 ni
1144 2080 1233 2167 prius

80 2193 105 2254 is
129 2211 186 2256 eos
210 2195 243 2254 et
266 2190 327 2274 ipsi
350 2190 441 2256 illurn
466 2192 603 2275 probent
626 2198 659 2258 et
681 2193 862 2258 examinent
893 2197 925 2256 et
948 2189 1089 2256 moribus
1113 2193 1144 2252 et
1167 2186 1234 2250 rita

76 2319 108 2361 se
132 2296 273 2362 invicem
295 2296 477 2363 auscultent
487 2299 534 2382 (l).
561 2297 611 2363 Me
633 2300 712 2364 sciat
728 2299 866 2385 denique
881 2295 1100 2382 spectabilitas
1115 2297 1231 2370 vestra,

76 2424 207 2467 omnem
231 2422 337 2466 menni
353 2401 504 2483 lahorem,
527 2425 653 2470 omnem
668 2427 808 2489 operam,
831 2426 950 2482 curem,
973 2402 1113 2468 studium
1132 2403 1234 2464 vestre

77 2507 291 2572 humanitatis
314 2509 463 2593 negociis,
487 2509 635 2594 quociens
657 2531 737 2596 opus
760 2510 877 2589 luerit,
912 2511 1101 2574 interserere
1124 2508 1231 2570 atten-

78 2619 157 2694 tum,
184 2635 236 2678 me
259 2635 385 2699 quoque
408 2620 512 2682 totum
528 2638 597 2681 cunr
616 2615 928 2682 recommendacione
950 2613 989 2678 ad
1006 2613 1114 2699 quevis
1133 2613 1236 2674 vestre

78 2719 294 2784 humanitatis
327 2720 525 2804 beneplacita
563 2722 653 2786 vobis
690 2722 889 2806 obligatum,
927 2719 1099 2785 obnoxium
1138 2720 1235 2799 atque

77 2833 270 2908 promptum
286 2825 477 2890 commendo.
514 2825 637 2891 Vellem
652 2830 694 2906 et,
719 2833 754 2892 ut
769 2827 932 2892 dominum
951 2845 1064 2894 meum,
1089 2819 1236 2885 videlicet

79 2937 209 3016 patrem
225 2935 377 3007 vestrum,
400 2953 437 2996 ex
454 2933 581 2997 nomine
596 2934 759 2998 cuiusdam
784 2933 887 3016 patris
904 2929 1086 3007 h'erthneie,
1110 2925 1237 2991 nornine

84 3036 241 3104 Nicolaus
256 3033 413 3118 Kempff¹,
437 3035 559 3101 salvum
578 3037 697 3103 diceret
711 3037 892 3102 humanitas
908 3039 1021 3112 vestra,
1037 3034 1098 3098 sibi
1114 3052 1240 3117 quoque

81 3143 230 3210 cedulam
254 3163 311 3206 sua
327 3143 457 3226 propria
473 3164 568 3208 manu
584 3144 737 3226 scriptam
750 3144 958 3226 presentaret.
994 3139 1024 3204 Is
1039 3159 1153 3222 nempe
1165 3135 1237 3220 plu-

79 3251 163 3314 rima
174 3245 316 3313 Johanni
334 3244 455 3312 Ulstett
468 3244 480 3282 ¹
495 3248 645 3333 obsequie
661 3247 834 3331 prestabat,
857 3247 922 3310 imo
938 3251 970 3311 et
985 3243 1155 3309 exhibebat
1181 3242 1235 3304 be·

81 3357 199 3441 aigne,
228 3353 319 3419 cuius
349 3353 514 3418 cenobium
547 3351 586 3416 ad
621 3353 661 3418 18
690 3352 878 3418 ebdomadae
909 3348 1096 3418 commorati
1129 3367 1237 3412 sumus

83 3461 184 3544 pestis
206 3460 248 3525 ab
271 3478 409 3535 causam,
432 3461 541 3542 postea
565 3457 648 3522 circa
666 3457 784 3522 festum
796 3455 1010 3522 conversionis
1025 3452 1126 3520 sancti
1143 3449 1236 3516 Pauli

37 3649 41 3656 .
81 3569 200 3632 iterum
225 3564 363 3650 ingressi
386 3585 494 3628 sumus
513 3561 692 3642 Wiennam,
716 3563 761 3627 ibi
784 3562 940 3628 studendo
957 3560 1109 3644 proficere
1131 3557 1236 3622 inten-

83 3673 190 3738 dimus
213 3691 301 3736 mora
323 3669 428 3735 solito.

173 3776 255 3843 Item
280 3775 405 3841 noviter
427 3775 499 3840 misi
522 3775 642 3858 scripta
675 3774 803 3838 domino
825 3795 895 3838 meo
919 3794 989 3838 cum
1014 3769 1149 3856 quodam
1173 3772 1240 3832 stu-

86 3886 181 3950 dente
205 3883 244 3946 de
266 3879 416 3960 Lindarr,
449 3880 633 3964 quereiam
665 3879 862 3963 supersedeo.
908 3878 1060 3942 Attamen
1085 3896 1134 3939 me
1157 3873 1240 3957 apud

87 4011 161 4055 eum
184 3993 293 4053 vestra
314 3987 355 4051 ab
378 3987 576 4052 humanitate
599 3985 712 4052 vellem
729 3984 1017 4050 recommendatum
1035 3981 1156 4061 haberi,
1179 3979 1241 4044 sibi

86 4115 216 4180 qnoque
249 4091 375 4176 aliquot
407 4097 569 4157 sexternos
599 4093 710 4176 pulcre
741 4091 775 4154 in
808 4111 841 4153 se
873 4089 1071 4154 continentes
1102 4085 1241 4170 plurima

91 4199 290 4284 presentium
315 4197 412 4282 [cunr]
437 4197 539 4262 latore
562 4196 755 4271 transmitto,
790 4192 976 4278 pulcriora⁸
1008 4213 1133 4277 quoque
1157 4191 1242 4255 dicta

166 4358 179 4411 1
202 4353 280 4410 Prior
299 4353 348 4409 der
367 4353 519 4409 hartbause
534 4322 691 4421 demmin&
712 4351 891 4406 fruchtbarer
909 4348 1114 4419 theologischer
1132 4346 1241 4402 schrift·

91 4443 197 4506 stellet.
218 4442 316 4498 descen
335 4442 475 4498 verleio
494 4438 706 4496 handsohritten
720 4439 816 4508 hhnfig
828 4437 898 4496 siud.
920 4435 982 4506 Vgl.
994 4433 1242 4490 Fabricius-Mauri

91 4533 121 4596 V,
145 4533 194 4588 100
213 4529 233 4586 f.
303 4533 319 4583 2
338 4531 364 4586 S.
384 4528 455 4586 oben
474 4546 494 4584 s.
514 4527 570 4584 62¹.
642 4528 658 4580 3
677 4524 739 4584 cod.
755 4525 905 4596 plncriorc.
