3002 5070
665 427 705 490 21

104 599 157 665 dit
178 599 307 663 fluvius.
352 597 454 684 Lycos
478 600 562 664 enim
586 621 681 682 preca
705 599 974 686 interpretacione
1005 600 1106 666 dulcis
1133 600 1261 666 dicitur.

104 703 161 770 Sic
182 709 290 770 sutem
312 709 516 788 nuncupatur
538 707 650 785 amnis,
680 707 735 791 qui
768 705 971 790 metropolim
995 704 1170 772 Sacrorum
1194 707 1260 770 Au-

105 815 237 896 gustam
260 810 373 888 ambit,
397 811 452 875 ubi
475 833 572 891 muse,
596 811 651 876 ubi
674 813 816 898 nymphe
846 811 934 876 omni
956 809 1070 877 mero¹
1094 811 1259 878 dulciores.

104 915 140 981 Si
156 937 221 981 non
234 915 393 982 suavitate
408 937 473 996 sua,
485 917 559 1001 plus
575 939 670 1002 quam
683 915 774 982 Circe
786 915 922 997 Ulixem,
938 917 1032 983 corda
1047 937 1140 981 saxea
1155 920 1260 982 trans-

104 1021 291 1100 mutaverit,
315 1025 350 1086 tu
373 1020 456 1086 alter
469 1019 615 1105 Orpheus
637 1023 697 1101 dio,
721 1023 871 1107 quociens
884 1024 939 1086 tua
962 1022 1069 1086 fistula
1091 1021 1262 1105 virgiliana

103 1126 318 1192 ciceronicum
342 1126 466 1192 labrum
501 1131 534 1192 et
561 1127 786 1193 declamatoria
818 1149 874 1192 ora
897 1124 1088 1202 Quintiliani
1113 1123 1261 1191 evicisti?

104 1229 184 1298 Non
220 1253 298 1318 ergo
332 1253 440 1298 amara
463 1253 540 1317 gens
563 1235 748 1317 reputetur,
780 1253 860 1317 quae
891 1237 956 1296 tam
981 1229 1140 1315 pijssimos
1163 1228 1260 1294 babet

102 1341 234 1422 patres,
262 1336 412 1420 Troijanc
435 1337 541 1422 gentis
563 1337 730 1422 reliquias,
761 1337 788 1402 si
812 1338 874 1402 rite
897 1336 1006 1402 audita
1028 1333 1258 1401 recordor¹...

101 1493 175 1509 ....
192 1441 315 1527 [folgen
339 1443 467 1510 weltere
488 1443 753 1528 ermahnungen.]

195 1545 230 1635 [f.
254 1547 349 1635 297⁶]
384 1547 469 1614 Ante
491 1548 597 1612 omnia
626 1569 701 1612 vero
723 1548 929 1631 circumspice
952 1545 1142 1631 diligenter,
1165 1565 1256 1630 quem

101 1654 136 1718 in
154 1653 263 1720 officio
287 1655 403 1720 habeas
428 1653 595 1737 collegam,
616 1654 643 1718 si
667 1654 731 1718 tuis
753 1659 982 1720 consentaneus
1004 1650 1047 1714 sit
1069 1650 1259 1730 nacionibus,

101 1780 145 1824 nc
169 1759 197 1822 si
222 1760 331 1842 priora
356 1759 464 1844 capita
486 1759 690 1837 dissenciant,
713 1762 800 1822 totus
823 1753 1258 1841 senatuscon[ten]cionibos

101 1864 279 1948 repleatur,
302 1870 334 1931 ct
357 1865 502 1950 quamvis
526 1868 561 1930 tu
588 1886 624 1928 ex
648 1863 772 1930 faurilia
805 1862 972 1938 nobilium,
996 1859 1052 1926 ille
1075 1883 1112 1925 ex
1135 1860 1258 1944 plebeia

101 1969 341 2034 multitudios⁸
364 1970 407 2035 sit
429 1969 586 2045 delectus,
618 1975 810 2035 nontamen
841 1973 1018 2035 consortem
1042 1971 1257 2049 contempnas,

102 2075 276 2159 presertim
301 2076 402 2160 [oum]
425 2076 453 2142 si
469 2076 508 2140 de
530 2097 644 2161 genere
661 2074 794 2159 gloriari
816 2075 922 2152 velles,
946 2072 1001 2137 ille
1022 2070 1183 2155 copiosum
1199 2072 1256 2136 ob·

100 2181 217 2264 ijceret
239 2181 381 2264 vulgum.
427 2179 541 2266 Neque
564 2180 661 2246 aliter
683 2187 754 2246 orta
777 2181 840 2246 fuit
855 2178 1012 2245 discordia
1035 2178 1120 2241 inter
1142 2175 1256 2241 funda-

102 2291 194 2350 tores
218 2285 317 2351 Rome
338 2307 501 2372 regesque,
525 2287 609 2372 quod
643 2286 782 2372 quilibet
803 2285 889 2350 solus
911 2284 1077 2349 vendicare
1098 2282 1160 2346 sibi
1184 2302 1256 2366 reg·

100 2412 182 2454 nom
204 2389 309 2456 voluit
331 2391 450 2476 illeque
466 2391 614 2470 nobilius,
638 2390 689 2457 hic
707 2413 782 2457 vero
801 2390 903 2456 maius
915 2387 1090 2470 auspicium
1110 2386 1257 2452 babuisse

99 2499 298 2566 certabatur.
344 2495 466 2562 Elstimo
489 2501 595 2562 tomen
622 2503 810 2582 questorem,
835 2494 962 2560 tametsi
977 2514 1040 2557 non
1062 2497 1118 2557 tuo
1140 2491 1256 2557 iudicio

100 2605 306 2668 concreatum
331 2607 380 2666 set
403 2623 496 2686 quem
512 2622 581 2665 sors
595 2601 692 2680 dedit,
716 2601 779 2666 tuis
802 2599 961 2664 institutis
981 2621 1017 2663 ac
1040 2597 1255 2683 precepcioni-

102 2709 165 2772 bus
186 2711 301 2790 sponte
322 2705 657 2792 obtemperatu[ru]m.
692 2705 761 2772 'lua
776 2707 861 2772 enim
881 2727 1006 2770 morum
1029 2703 1169 2789 gravitas
1192 2724 1255 2767 non

100 2811 233 2876 levitate
256 2817 314 2877 aut
344 2811 520 2877 ambicione
551 2813 590 2877 ad
626 2833 696 2877 eum
726 2817 843 2877 utetur.
890 2810 967 2876 Eius
989 2809 1141 2874 iudicium
1165 2829 1254 2872 num·

100 2939 198 3003 quam
234 2937 366 3000 spernas
398 2922 447 2982 set
477 2937 643 3000 proponas,
678 2918 704 2982 si
738 2922 829 2982 tuum
857 2938 921 2982 non
950 2917 994 2981 sit
1016 2914 1137 2981 melius.
1184 2911 1255 2978 Sint

99 3045 195 3090 aures
218 3028 274 3088 tue
296 3022 357 3087 sibi
373 3023 640 3103 coniunctissime,
663 3023 728 3087 sint
751 3022 853 3087 latera
868 3023 1029 3102 contigua,
1054 3025 1089 3086 ut
1112 3020 1255 3085 videntes

100 3128 305 3196 concordiam
327 3132 464 3192 vestram
489 3127 631 3194 letentur
655 3128 740 3205 boni,
764 3131 985 3192 exterreantur
1008 3124 1156 3211 improbi.
1192 3122 1251 3189 Ce-

100 3242 205 3300 terum
230 3256 270 3298 ex
293 3233 422 3298 cohorte
451 3233 588 3316 pretoria
618 3233 734 3299 malum
765 3253 840 3317 sepe
873 3237 1047 3298 extremum
1072 3233 1254 3315 generatur,

100 3339 309 3425 quamobrem
332 3361 370 3404 cx
393 3338 576 3422 necessarijs
599 3337 836 3422 apparitoribus
859 3338 915 3402 hos
938 3336 1058 3422 eligas,
1081 3336 1115 3400 in
1140 3334 1254 3419 quibus

100 3445 204 3510 maior
236 3444 314 3508 fides
346 3447 402 3524 est,
444 3449 476 3508 et
507 3448 629 3509 secreta
659 3449 691 3508 et
722 3443 850 3528 publicu
872 3442 979 3508 officia
999 3440 1158 3506 salubrius
1181 3461 1253 3504 exe-

101 3555 253 3636 quantur.
278 3548 328 3614 Sit
353 3549 448 3616 lictor
472 3570 535 3614 non
558 3571 624 3629 sue,
644 3553 693 3614 set
716 3553 770 3612 tue
792 3547 934 3613 lenitatis
954 3547 1130 3632 apparitor,
1153 3544 1252 3610 maio-

101 3678 201 3741 raque
223 3653 392 3740 preferant
415 3657 515 3720 fasces
531 3655 581 3720 illi
593 3675 630 3719 ac
652 3675 776 3720 secures
799 3653 968 3738 dignitatis
990 3652 1132 3737 insignia
1156 3671 1253 3736 qnam

101 3761 282 3847 potcstatis.
329 3760 371 3826 ut
394 3760 454 3824 nisi
479 3780 538 3844 pro
561 3760 691 3824 vitando
715 3780 831 3845 magno
856 3758 1054 3842 reipublice
1078 3756 1253 3835 incomodo,

103 3887 267 3951 nunquam
292 3865 407 3930 misero
428 3865 527 3930 vitam
553 3865 682 3945 adimas,
706 3869 754 3930 set
776 3866 803 3928 si
834 3885 915 3950 quos
946 3884 1016 3928 reos
1038 3885 1111 3927 vere
1134 3867 1167 3926 et
1188 3881 1252 3925 non

102 3973 174 4036 ficte
195 3993 255 4055 per
277 3975 419 4035 torturas
442 3971 681 4055 cognoveris-
696 3971 779 4055 quod
799 3991 900 4054 genus
922 3969 1059 4035 crimina
1081 3965 1252 4032 confitendi

102 4077 233 4140 veritati
257 4075 421 4161 sepissime
442 4075 676 4141 odiosissimum
700 4080 750 4140 est
766 4073 1065 4139 -clemeutissime
1089 4074 1249 4154 dampnes.

100 4181 233 4269 Semper
261 4181 318 4246 bos
353 4179 467 4247 adhibe
490 4180 667 4259 cruciatus,
700 4181 754 4266 qui
778 4201 840 4246 non
869 4181 935 4245 sint
957 4179 995 4244 ad
1020 4181 1163 4243 mortem.
1210 4176 1252 4242 Et

667 4321 687 4364 Ι

172 4431 186 4482 1
205 4426 242 4485 So
260 4428 322 4482 clm.
333 4428 413 4490 solo,
432 4441 530 4482 umere
549 4425 589 4482 hs.
603 4440 675 4480 vero.
747 4422 808 4480 ιθ.
828 4421 1051 4478 dreimcbronik
1070 4421 1118 4476 des
1129 4419 1251 4476 Kbchlin

103 4513 372 4574 sudu-chramlos
392 4513 440 4579 lV,
459 4513 510 4569 ³33
529 4512 558 4567 ff.
632 4514 647 4571 8
668 4511 693 4570 S.
712 4512 833 4567 dardber
845 4510 1118 4568 suen-chronicon
1129 4509 1175 4575 lv,
1191 4507 1250 4568 139,
1370 4535 1497 5034 Δ]
