3002 5062
536 413 573 468 vl
593 415 638 481 (ω
663 431 703 470 nr.
724 414 750 484 ο)
1158 421 1221 484 365

65 591 162 654 brum
187 590 272 655 sistit
297 593 428 655 matrem
455 591 527 656 ilico
552 592 583 655 iu
601 592 662 670 via,
686 591 870 676 priusquam
890 592 1002 676 auriga
1025 599 1132 676 posset
1153 618 1220 660 eam

65 695 197 774 vidisse,
220 701 252 759 et
274 696 439 760 abscondit
461 717 495 760 se
518 700 590 779 post
613 696 773 762 fruticem.
821 694 898 762 (lum
917 698 1094 762 advenisset
1110 700 1223 784 auriga

67 801 266 885 vidissetque
290 801 441 866 feminam
465 805 603 866 stantem
628 802 661 865 in
684 802 735 866 via
757 823 815 866 nec
837 803 990 881 recedere,
1013 803 1168 870 acclamat
1183 806 1221 884 ei,

63 906 197 972 secedat
226 927 264 970 ex
287 908 338 971 via
367 911 423 972 aut
455 927 488 971 se
520 907 600 972 velle
630 908 743 972 ducere
766 929 895 972 currum
917 930 1011 991 super
1034 931 1112 974 eam.
1160 909 1222 976 llle

62 1016 177 1076 manet
200 1011 348 1090 immota,
380 1033 417 1076 ac
439 1013 465 1076 si
499 1034 560 1078 nou
584 1014 739 1093 audisset,
773 1017 809 1077 nt
841 1035 876 1078 re
906 1035 980 1078 vera
1003 1035 1066 1078 non
1088 1016 1248 1084 audivits

62 1115 238 1182 Incanduit
261 1116 390 1201 auriga,
423 1117 619 1201 imprecatur
649 1117 700 1182 illi
726 1119 808 1182 mala
835 1139 871 1182 ac
893 1119 988 1186 dicit:
1021 1117 1114 1207 [199]
1138 1119 1222 1186 ‘Vin'

63 1244 118 1286 me
136 1243 254 1287 vexare
270 1227 302 1287 et
318 1221 458 1288 ludibrio
473 1222 621 1288 haberet'
655 1221 821 1308 Simulque
836 1224 975 1308 impellit
991 1247 1088 1310 equos
1103 1226 1224 1291 scutica

62 1333 98 1390 et
125 1326 215 1391 ducit
237 1349 365 1392 currum
390 1349 587 1411 supeream.
637 1327 753 1394 Videns
779 1330 837 1393 boc
862 1329 1128 1396 Monocerebrum-
1147 1353 1222 1415 pro·

63 1431 148 1514 ripit
171 1454 204 1496 se
228 1434 338 1515 depost
368 1432 516 1498 fruticem
550 1441 582 1498 et
604 1435 668 1498 ait:
705 1433 794 1513 ‘llia,
829 1434 1005 1514 homicida,
1029 1442 1065 1500 tu
1088 1443 1223 1502 matrem

66 1561 171 1602 meam
195 1538 391 1602 carissimam
416 1540 545 1604 necasti.
594 1537 702 1604 Visam
726 1562 804 1624 ego,
838 1541 915 1625 quid
947 1539 1126 1607 faciendum
1158 1542 1221 1607 sit.'
1238 1569 1261 1602 ro

64 1643 194 1727 Auriga
218 1665 345 1724 verena,
384 1667 422 1708 ne
445 1645 554 1728 plures
576 1643 770 1725 adfuissent,
800 1646 967 1729 distringit
990 1669 1106 1732 equum
1123 1658 1220 1714 ‚ante-

63 1750 195 1828 riorem,
218 1750 359 1814 ascendit
382 1771 451 1814 eum
475 1757 508 1816 et
530 1751 666 1836 aufugit.

159 1852 419 1918 Monocerebrum
432 1857 547 1939 sepelit
560 1861 694 1921 matrem
710 1878 809 1936 suam,
826 1857 938 1921 deinde
950 1858 1076 1923 deducit
1093 1879 1221 1923 currum

65 1981 138 2022 cum
164 1960 238 2022 vino
262 1961 294 2022 in
318 1981 436 2043 pagum
460 1982 569 2040 suum,
594 1967 687 2025 vexat
710 1963 844 2027 rusticos
868 1963 989 2028 dicens:
1022 1963 1102 2043 ‘Am
1127 1985 1220 2048 quarn

65 2065 221 2128 iniuriose
251 2085 374 2130 mecum
397 2066 509 2150 egistis
538 2066 705 2131 occidendo
733 2072 866 2130 matrem
899 2069 1014 2131 meaml
1048 2067 1127 2132 Mihi
1151 2070 1217 2134 dati
1236 2091 1259 2128 rt

64 2175 143 2235 sunt
167 2174 233 2235 tres
256 2171 329 2255 equi
353 2177 385 2234 et
407 2172 501 2235 vehes
525 2172 591 2236 viui
614 2193 673 2256 pro
696 2171 752 2236 ea*
796 2171 917 2236 Rustici
932 2172 1144 2253 insaniebant,
1168 2195 1219 2238 ca·

66 2277 166 2358 piunt
196 2297 265 2339 eum
300 2281 333 2338 et
363 2275 566 2354 consultant,
598 2277 754 2360 quomodo
787 2277 908 2359 possint
940 2277 1070 2341 liberari
1102 2280 1141 2342 ab
1174 2300 1220 2343 eo.

68 2381 224 2445 Detinent
246 2385 351 2445 autem
376 2403 447 2445 eum
471 2383 631 2464 captivum
661 2403 761 2466 usque
790 2383 822 2445 in
855 2382 990 2447 alterum
1015 2383 1116 2460 diem,
1146 2380 1219 2448 eon·

65 2487 177 2550 silium
202 2487 343 2570 capiunt,
367 2492 403 2550 ut
425 2487 526 2551 velint
550 2510 620 2551 eum
637 2489 850 2570 submergere,
872 2487 988 2553 indunt
1004 2510 1075 2552 eum
1099 2489 1131 2552 in
1152 2509 1221 2553 sac·

64 2615 140 2658 cum
165 2599 198 2656 et
220 2593 368 2658 deferunt
390 2593 423 2656 in
447 2599 587 2676 pontem.
636 2591 714 2657 (lum
739 2594 801 2656 iam
824 2598 948 2658 starent
970 2593 1073 2676 parati
1098 2592 1136 2656 ad
1154 2593 1220 2656 dei·
1237 2620 1262 2656 ro

66 2698 215 2762 ciendum
240 2721 321 2780 eum,
345 2698 426 2763 dixit
450 2721 531 2763 unus
553 2701 711 2764 seniorum
738 2701 913 2764 intereos:
944 2699 1031 2778 ‘uia
1055 2701 1221 2782 perpatra-

65 2804 173 2868 bimus
196 2825 253 2868 nos
276 2805 402 2870 caedem
427 2810 492 2869 tam
516 2826 617 2884 mene,
641 2805 827 2890 priusquam
844 2805 1055 2870 audiverimus
1073 2804 1221 2869 missam?

67 2909 265 2974 Accedamus
288 2911 378 2994 prins
403 2909 556 2993 templum
580 2910 723 2974 auditum
747 2909 889 2974 ollicium
912 2910 1068 2986 divinum,
1093 2909 1220 2992 linqua-

65 3037 139 3079 mus
161 3037 232 3079 cum
255 3015 384 3080 iuterim
409 3017 440 3079 iu
465 3015 581 3080 eaccol’

158 3118 235 3184 Cum
260 3120 322 3184 iam
348 3121 501 3185 abiissent
525 3143 632 3186 omnes
655 3127 688 3186 et
705 3119 963 3186 Monocerebrum
988 3121 1126 3184 audisset
1150 3119 1221 3184 nul·
1237 3146 1266 3212 aa

68 3225 135 3288 lum
160 3225 276 3303 adesse,
300 3226 458 3290 clamabat
481 3227 689 3292 incessanter:
723 3225 807 3291 ‘Nou
835 3247 964 3309 possum
988 3227 1124 3302 discere,
1149 3226 1222 3288 nolo

66 3330 209 3395 discerc.'
254 3329 396 3416 Cumque
411 3332 458 3396 ita
474 3331 637 3411 clamaret,
660 3333 798 3416 contigit
822 3333 977 3416 quendam
994 3354 1088 3418 agere
1111 3351 1222 3414 porcos

65 3437 154 3502 illac.
203 3435 298 3515 Visit,
322 3438 398 3523 quid
422 3439 466 3502 sit
489 3439 520 3502 in
537 3460 636 3518 sacco,
660 3444 692 3502 et
716 3439 850 3522 quaerit,
875 3439 951 3523 quid
969 3438 1012 3501 sit
1036 3439 1118 3521 qnod
1140 3437 1223 3500 nolit

69 3543 201 3606 discere.
245 3541 351 3606 ‘Pater
366 3543 473 3622 meua,'
496 3545 601 3629 inquit
618 3543 889 3624 Monocerebrum,
907 3543 986 3608 ‘vult
1001 3543 1118 3608 discam
1135 3543 1222 3607 auri·

71 3647 221 3712 fabrilem
244 3654 362 3727 artem;
395 3671 454 3732 ego
477 3671 552 3716 vero
575 3671 638 3714 non
662 3671 788 3733 possum
819 3647 908 3712 illam
932 3647 1111 3712 addiscere'
1148 3647 1261 3726 ‘Aba

71 3775 167 3838 quam
194 3753 295 3817 libens
318 3753 508 3817 addiscerem
534 3774 593 3836 ego
617 3753 725 3831 illam,'
750 3753 796 3816 ait
821 3749 915 3838 [200]
941 3774 1031 3816 suum
1057 3758 1162 3830 actor,
1185 3753 1221 3814 ‘si

67 3858 259 3942 permissum
285 3857 364 3922 mihi
394 3855 497 3922 esset*
542 3855 662 3940 ‘Irrepe
686 3856 749 3933 tu,'
780 3857 906 3940 inquit,
940 3857 981 3919 ‘in
1013 3878 1155 3931 saccum;
1190 3863 1222 3920 et

68 3985 140 4028 cum
166 3963 290 4028 venerit
313 3968 415 4045 pater,
439 3961 600 4026 doceberis
624 3967 658 4024 tu
683 3963 752 4025 loco
775 3962 835 4024 mei
858 3966 960 4024 artem
983 3959 1222 4026 aurifabrilem.’

69 4068 215 4151 Simplex
239 4068 295 4133 ille
317 4071 407 4131 actor
429 4088 519 4132 suum
546 4068 762 4150 persuadetur,
786 4066 880 4131 solvit
903 4088 1027 4130 saccum
1052 4072 1084 4130 et
1107 4068 1222 4150 irrepit

66 4177 100 4239 in
126 4195 208 4237 cunr.
254 4173 354 4249 Quem
376 4174 481 4236 sinens
507 4173 609 4236 iacere
637 4171 895 4237 Monocerebrum
926 4173 995 4255 agit
1017 4193 1087 4236 sues
1109 4193 1219 4236 secuu-
1236 4205 1260 4240 a

68 4281 144 4344 dnm
175 4300 276 4363 aquae
309 4300 446 4343 cursum.
499 4277 576 4342 Post
607 4283 769 4360 peractum
803 4279 946 4343 divinum
977 4279 1117 4343 officium
1151 4299 1220 4341 cum

67 4384 214 4449 venirent
237 4383 364 4464 rustici,
396 4383 558 4448 coniciunt
580 4389 720 4447 actorem
750 4405 842 4446 suum
876 4383 909 4446 in
942 4405 1055 4468 aquam
1088 4405 1125 4446 ac
1147 4383 1221 4447 sub-

68 4495 229 4574 mergunt.
