3002 5070
653 428 692 492 17

86 600 242 664 oneribus
277 605 435 684 quantum
472 601 652 664 arocaberis
682 623 702 664 a
734 601 840 666 studio
874 601 1046 666 laudabilis
1080 603 1245 686 sapientie,

87 704 210 788 quibus
225 704 465 787 opereprecium
482 705 626 768 intentus
641 703 743 776 luisti,
759 707 913 770 continuo
929 705 1053 770 doctior
1069 705 1140 772 eris.
1165 705 1242 772 lnde

86 810 233 874 animum
258 808 488 872 exanimabunt
504 829 595 874 cause
611 810 742 889 diverse,
766 815 802 874 ut
825 815 938 894 potens
963 832 1022 876 nec
1037 812 1080 876 sit
1103 811 1246 894 priorum

87 915 291 990 meminisse,
321 936 384 999 que
406 915 438 977 in
462 915 531 980 ocio
555 915 731 994 didicerat,
755 916 858 982 nescit
880 921 987 981 antem
1011 917 1161 982 suavibus
1184 916 1247 1000 hijs

85 1019 208 1102 studijs
231 1021 263 1084 iu
281 1018 426 1084 futurum
442 1041 571 1104 operam
587 1020 742 1088 conferre.
790 1021 905 1087 Gravis
920 1022 1054 1102 sarcina,
1078 1044 1139 1106 que
1157 1021 1246 1106 quic-

87 1133 155 1189 tem
172 1125 206 1188 in
230 1125 356 1189 labores
383 1127 551 1206 convertit,
576 1126 608 1190 in
625 1128 795 1210 negocium
811 1128 1045 1192 suavitudincm
1062 1132 1246 1205 commutat,

85 1231 216 1295 inducit
248 1230 448 1295 formidinem
478 1231 671 1316 tranquillo,
704 1236 738 1296 et
761 1232 852 1316 quasi
883 1231 923 1296 de
945 1232 1029 1298 dulci
1061 1238 1094 1298 et
1116 1231 1245 1296 amabili

84 1335 177 1398 unda
200 1336 233 1398 iu
257 1334 394 1418 Stigiam
417 1336 566 1420 paludem
582 1337 736 1402 derectat.
782 1336 898 1403 Nonne
914 1339 974 1402 tibi
997 1338 1158 1404 videbitur
1174 1343 1246 1420 post

84 1462 204 1504 amena
227 1441 312 1518 ocia,
342 1441 457 1526 quibus
482 1463 553 1506 cum
576 1443 728 1528 nymphis
751 1442 857 1508 choris
879 1444 1034 1508 intereras
1057 1443 1246 1508 coelicorum

84 1551 267 1629 satrapum,
283 1550 316 1610 et
330 1545 453 1630 perfrui
469 1545 602 1629 delicijs‚
628 1547 744 1631 quibus
759 1546 821 1612 soli
838 1547 945 1613 felices
960 1548 1112 1633 gaudent,
1136 1547 1245 1612 iocun-

84 1651 229 1730 dabaris,
253 1651 287 1714 in
310 1650 458 1736 abyssum
475 1651 639 1716 detrusum
663 1657 695 1716 ct
711 1652 975 1736 quemadmodum
1000 1654 1038 1718 de
1054 1651 1143 1718 coelo
1157 1651 1245 1736 elap-

83 1776 159 1818 sum
184 1754 218 1818 in
243 1754 328 1820 hunc
359 1755 567 1839 caliginosum
599 1756 805 1841 labcryntum
836 1757 1028 1822 concidisse?
1062 1755 1144 1822 Sane
1173 1777 1243 1821 cum

85 1861 200 1943 priora
216 1860 346 1925 silentia
369 1861 533 1926 meditaris
549 1863 608 1926 tibi
632 1883 785 1927 conversa
806 1863 837 1926 in
862 1863 1059 1927 amarissima
1076 1862 1245 1947 colloquia,

83 1971 180 2030 totus
196 1966 312 2031 merito
328 1967 478 2047 turbaris,
495 1968 556 2032 nisi
573 1991 609 2032 ea
627 1990 690 2033 non
707 1967 847 2053 perfecte
869 1968 1027 2033 dilexeris.
1067 1967 1145 2046 »O«,
1162 1968 1246 2034 dices

85 2077 179 2150 tuuc,
196 2072 245 2135 vir
259 2071 442 2153 clarissime,
469 2095 583 2158 »quam
601 2074 734 2158 indigna
749 2073 886 2138 mutatio
902 2095 1005 2138 meum
1022 2074 1158 2139 variavit
1174 2074 1244 2139 ani·

86 2199 190 2254 mum,
213 2176 364 2242 distraxit
386 2176 647 2263 convellitqueic
680 2176 733 2244 Sic
748 2177 827 2242 celle
851 2182 906 2242 tue
929 2177 1099 2261 penitioris
1126 2199 1245 2243 memor

83 2283 164 2348 dum
190 2283 222 2346 in
245 2283 387 2366 pretorio
419 2283 501 2348 vices
527 2283 748 2361 administras,
780 2282 908 2367 optabis
939 2282 1145 2348 vehementer
1167 2305 1244 2363 esse,

85 2387 175 2472 quod
191 2388 313 2472 pridem
331 2387 431 2452 fuisti.
477 2387 663 2473 Egredienti
676 2388 711 2474 (Ξ)
733 2387 861 2454 domum
878 2389 1011 2473 querulo
1033 2394 1066 2454 te
1081 2389 1245 2473 excipiunt

85 2493 283 2578 questiones,
305 2493 427 2559 sedenti
443 2494 477 2557 in
499 2493 656 2557 tribunali
671 2493 839 2558 criminose
855 2493 1027 2576 agitabunt
1042 2515 1143 2574 cause,
1168 2496 1241 2560 doc·

84 2603 141 2662 tus
166 2602 199 2661 et
222 2597 374 2682 insipiens
404 2621 461 2682 per
483 2603 515 2662 te
538 2619 610 2663 suas
641 2599 731 2681 cupit
754 2597 927 2662 terminare
957 2603 1082 2682 partes,
1113 2601 1194 2685 quil
1217 2603 1244 2665 si

83 2703 186 2768 alteri
210 2703 250 2767 lis
273 2703 306 2767 in
325 2705 406 2769 bono
433 2705 582 2789 adempta
602 2703 711 2783 fuerit,
734 2702 968 2786 suspicionibus
991 2710 1103 2770 contra
1118 2711 1151 2771 te
1167 2707 1242 2771 sub-

86 2814 281 2888 murmurat,
297 2809 414 2874 conflat
428 2809 501 2874 odia
518 2814 550 2874 ct
566 2815 644 2892 aput
660 2819 790 2874 cunctos
806 2808 943 2891 pessima
957 2809 1109 2892 opinione
1126 2809 1243 2875 lamam

86 2923 191 2993 tuam,
215 2915 318 2999 quoad
343 2921 459 2998 potest,
483 2915 643 2980 diminuit.

180 3018 294 3104 ltaque
316 3025 390 3085 sunt
415 3020 522 3099 emuli,
546 3020 656 3100 invidi,
679 3021 778 3099 arari,
802 3019 950 3098 factiosi,
973 3020 1147 3103 temerarij,
1170 3042 1243 3105 per-

85 3125 156 3203 fidi,
179 3125 364 3208 suspiciosi,
386 3127 516 3211 superbi
540 3132 573 3191 et
595 3127 681 3191 omni
704 3127 787 3192 vicio
810 3125 985 3210 plenissimi
1017 3127 1051 3191 in
1074 3131 1188 3192 cuncta
1211 3148 1245 3192 re

85 3229 229 3314 publica,
253 3252 388 3314 quorum
412 3231 439 3294 ri
463 3231 616 3296 cervicem
640 3231 766 3296 coneris
788 3228 964 3310 inflectere,
989 3229 1109 3296 sorcius
1131 3236 1244 3296 contra

85 3343 120 3400 te
144 3334 226 3399 oolla
248 3336 383 3419 erigent.
430 3334 554 3400 Horum
581 3335 642 3399 nisi
670 3335 844 3418 prudenter
867 3336 964 3399 armis
984 3335 1170 3415 obstiteris,
1193 3341 1243 3402 tc·

86 3445 156 3504 tarn
179 3461 248 3504 rem
270 3441 432 3524 publicam
450 3441 672 3518 sedicionibus,
695 3440 846 3524 secordijs
869 3446 902 3504 ct
918 3441 1112 3506 tumultibus
1129 3440 1243 3526 imple·

88 3545 151 3608 bis.
197 3544 248 3609 Ad
271 3567 351 3630 quos
374 3547 460 3631 quali
479 3553 638 3630 quantave
662 3545 788 3610 racione
812 3545 964 3610 utendum
980 3546 1034 3625 sit,
1057 3552 1093 3611 ut
1117 3546 1244 3612 malicia

87 3650 219 3714 tandem
253 3649 499 3735 supprimatur⁹
533 3674 572 3716 ne
603 3653 744 3730 crescat,
777 3653 810 3714 et
832 3650 934 3716 virtus
956 3656 1184 3735 augmentetur
1207 3659 1245 3717 ut

86 3755 209 3834 valeat,
242 3777 351 3823 revera
383 3780 445 3824 non
479 3781 543 3822 una
574 3757 687 3841 regula
717 3756 850 3842 parique
881 3757 1049 3841 disciplina
1080 3759 1244 3823 universos

87 3860 296 3946 gubernabis,
319 3884 391 3926 nam
409 3884 484 3928 suus
501 3863 615 3947 cuique
631 3883 698 3928 mor
721 3867 769 3926 est
785 3883 843 3926 nec
859 3866 934 3927 roto
949 3862 1070 3927 vivitur
1092 3883 1157 3928 uno
1170 3912 1197 3928 ..
1214 3911 1243 3926 ..

88 4013 114 4028 ..
128 3962 168 4049 [f.
184 3965 278 4050 295].
292 4015 339 4031 ...
363 3966 431 4032 Hee
447 3989 497 4032 me
513 3971 723 4045 commovent,
738 3967 782 4030 mi
799 3965 1010 4052 Sigismundc,
1034 3971 1070 4032 ut
1085 3968 1146 4033 tibi
1162 3989 1243 4051 puro

87 4069 184 4135 corde
206 4072 404 4155 compaciar,
435 4094 544 4138 eorum
567 4073 802 4149 commisertus,
837 4093 899 4156 que
923 4072 1007 4137 mela
1029 4077 1104 4136 sunt
1127 4073 1160 4136 in
1183 4072 1244 4138 boc

90 4176 219 4253 mundo,
242 4180 291 4239 set
313 4178 434 4261 optime
458 4179 593 4243 confisus
609 4182 664 4242 tue
686 4177 810 4258 virtuti,
834 4177 936 4261 pluris
953 4177 1162 4261 congratulor
1185 4177 1243 4242 hc-

89 4281 177 4358 nori,
210 4301 304 4365 quam
329 4281 477 4348 lamentis
508 4305 580 4348 eum
603 4305 787 4367 prosequar.
834 4281 918 4348 Novi
952 4283 1037 4348 enim
1068 4285 1241 4369 equitatem

658 4419 675 4456 ss

162 4506 175 4558 l
194 4503 253 4559 cod.
270 4504 323 4559 cui
412 4505 429 4559 2
446 4504 507 4562 cod.
526 4503 703 4576 suppinatur.

142 4607 249 4654 model.
1015 4593 1032 4646 2
