2990 5068
665 351 707 418 85

97 547 227 627 partem
252 544 283 608 id
316 542 438 610 factum
465 565 532 610 esse
561 549 639 610 tunc
661 543 737 610 dixi.
788 543 848 610 Sed
880 545 981 631 quid?
1027 544 1196 633 Loquitur,
1220 552 1257 611 ut

97 649 196 731 laici,
234 650 312 737 qui¹
337 651 432 736 opido
456 651 567 717 infesti
596 651 729 718 clericis.
776 649 844 716 Neo
872 671 984 732 cures,
1007 653 1082 718 dum
1104 651 1184 718 bene
1206 673 1262 737 pe-

96 755 197 821 cunie
219 755 252 820 in
276 777 353 822 usus
376 761 441 822 ate
464 758 699 841 expenduntur.
745 755 852 823 Habes
878 779 937 841 pro
958 757 1177 842 comparandis
1199 757 1261 823 tibi

96 861 195 925 libris
210 861 418 927 directionem
433 861 589 945 optimam
608 861 726 927 domini
745 859 775 926 N
778 860 814 942 .⁸,
839 861 927 926 cuius
944 862 1072 929 imitare
1093 862 1262 929 consilium

94 987 303 1051 summopere
337 965 457 1032 hortor.
517 965 628 1032 Libros
661 989 797 1053 namque
832 968 979 1052 proprios
1007 968 1086 1034 lidos
1119 967 1261 1033 arbitror

96 1073 231 1152 amices,
255 1072 311 1158 qui
333 1069 393 1136 soli
409 1071 534 1155 integre
549 1070 734 1156 incorrupte
749 1072 988 1159 rectissimeque
1003 1072 1166 1139 consulere
1182 1093 1256 1156 pos·

94 1183 183 1242 sunt.
241 1177 358 1243 lunata
378 1177 477 1242 habes
503 1177 655 1264 pleraque
679 1179 786 1244 omnia
819 1178 857 1243 ad
883 1178 1034 1244 virtutem
1062 1178 1255 1258 adiumenta,
1332 1187 1334 1192 '

95 1283 293 1348 dexteritate
314 1283 433 1368 ingenij
451 1283 538 1349 vales
560 1284 745 1369 plurimum,
769 1306 867 1369 quaro
888 1284 922 1350 in
945 1283 1113 1348 literarum
1127 1284 1258 1368 pericia,

97 1409 162 1454 non
187 1387 318 1473 vulgari
333 1389 395 1454 ista
409 1391 443 1453 et
458 1390 628 1468 communi,
650 1389 703 1454 sed
727 1389 930 1474 diligenciori
953 1389 1089 1475 quadam
1105 1392 1138 1454 et
1153 1409 1255 1453 recor·

95 1491 198 1559 dita¹
235 1493 409 1578 precellere
435 1497 468 1558 te
499 1514 691 1580 magnopere
723 1495 805 1562 volo.
857 1493 992 1560 Demum
1018 1495 1050 1558 in
1074 1493 1260 1578 cognicione

96 1621 211 1664 earum
235 1621 353 1678 rerum,
377 1621 438 1684 que
460 1600 499 1664 ad
522 1598 622 1665 vitam
645 1605 678 1665 et
701 1621 804 1665 mores
819 1600 985 1685 pertinent
1013 1619 1134 1683 -que
1159 1619 1258 1683 prop·

96 1710 190 1770 terea
214 1704 425 1770 humanitatis
448 1706 553 1771 studia
574 1705 802 1791 appellantur,
826 1707 902 1793 quia
926 1705 1088 1772 bominem
1103 1709 1258 1770 exornent

99 1849 135 1856 -
157 1817 192 1876 te
209 1810 387 1876 studiosum
402 1813 499 1896 atque
517 1811 722 1877 excellentem
740 1814 871 1878 evadere
888 1812 1001 1897 cupio.
1020 1860 1028 1876 .
1047 1859 1053 1873 .
1072 1860 1079 1875 .
1097 1809 1255 1874 Proximis

98 1917 166 1980 tuis
188 1917 320 1999 scriptis
335 1938 386 1981 me
400 1920 522 1982 certum
538 1918 659 1998 reddes,
683 1919 799 2002 quibus
817 1918 935 1984 studiis
960 1937 1088 2002 operam
1116 1914 1255 1980 adhibes.

96 2019 184 2086 Nam
200 2020 233 2086 id
248 2044 267 2086 a
281 2027 314 2086 te
330 2026 362 2086 et
379 2021 505 2087 litterae
525 2021 648 2110 aliquas
664 2048 683 2088 a
696 2025 826 2090 domino
841 2023 882 2091 N.
897 2023 909 2060 ⁸
928 2023 1080 2088 hactenus
1096 2021 1187 2086 eride
1203 2042 1256 2085 ex·

95 2126 235 2209 pectavi.
258 2125 410 2192 insistere
426 2149 502 2214 ergo
519 2127 596 2194 relis
609 2130 693 2214 apud
705 2130 848 2210 eundem,
864 2128 1044 2207 abscribat,
1061 2132 1093 2192 et
1103 2126 1256 2193 indicium

98 2232 176 2295 enni
194 2233 418 2316 praeentieper
430 2233 619 2317 magistrum
626 2233 668 2298 M.
679 2235 809 2312 lectum,
827 2239 863 2299 ut
877 2235 1019 2312 babeam,
1030 2253 1099 2298 cum
1111 2231 1256 2317 proximo

94 2341 268 2402 occurente
287 2336 543 2423 Nurambergam
564 2340 692 2405 mittere
709 2340 787 2405 velis
802 2339 917 2404 obnixe
932 2359 1020 2426 rogo.
1058 2336 1170 2404 Frater
1182 2342 1256 2401 tuus

190 2443 202 2478 ⁴
221 2442 366 2510 Veneciis
391 2447 469 2510 bene
490 2444 585 2525 valet,
609 2446 698 2510 cuiue
721 2446 875 2510 adventus
896 2445 929 2508 in
952 2444 1017 2509 dies
1037 2441 1254 2528 expectaturl.

97 2547 261 2634 Obsequio
284 2571 353 2616 meo
368 2551 578 2617 salutacionee
594 2551 748 2636 benignae
773 2572 850 2636 rego
873 2550 976 2616 dicere
995 2549 1083 2615 velis.
1120 2547 1253 2612 Demum

96 2655 177 2719 bene
199 2655 304 2722 valere
325 2677 377 2722 me
400 2657 487 2723 scias.
536 2655 755 2722 Velitudinem
771 2663 858 2722 tuam
875 2677 1027 2742 prospere
1044 2659 1076 2720 et
1091 2653 1249 2719 incolume

94 2760 205 2824 divina
216 2781 402 2828 conservare
411 2762 562 2846 dignetur
571 2763 743 2828 clemencia
759 2785 815 2847 per
831 2767 976 2848 tempora
987 2763 1133 2846 longeva.
1160 2761 1227 2825 lix.
1244 2810 1251 2825 .

637 3089 698 3164 41.

97 3215 223 3291 lllrich
239 3213 481 3287 (lossembrot
496 3237 545 3285 en
559 3212 685 3288 Ulrich
700 3213 889 3286 Riaderer.
919 3211 1120 3307 Augsburg
1140 3211 1249 3285 1461.

96 3405 174 3460 Nacb
193 3405 271 3461 einer
289 3403 395 3459 Zeitaer
414 3403 592 3459 handaohrift
610 3376 748 3474 pedruckt
765 3421 820 3460 ren
841 3403 1032 3458 Wattenbaeb
1051 3402 1090 3456 im
1114 3403 1250 3474 Anaeiger

410 3490 429 3547 f.
449 3489 517 3546 Kde.
534 3491 589 3545 dtr.
604 3489 716 3547 Voraeit
728 3489 826 3556 XXVI,
846 3492 896 3547 197
907 3490 935 3545 ff.

98 3621 275 3687 liraiihlt
311 3641 392 3683 von
429 3619 573 3683 seinen
612 3619 811 3698 studiari,
841 3620 913 3684 die
945 3641 991 3684 er
1025 3641 1071 3684 nu
1108 3623 1249 3684 unter-

97 3726 289 3792 breehen
321 3725 519 3809 genlitigt
550 3725 620 3790 ist.
676 3724 842 3790 Miicbte
874 3725 937 3790 als
968 3724 1153 3790 famulus
1184 3725 1248 3790 bei

98 3831 307 3897 Riederer
328 3831 485 3895 eutritt
514 3829 654 3897 baben.
704 3829 876 3898 Warmes
899 3832 971 3896 lob
995 3828 1245 3897 liiederers⁰.

567 3971 639 3977 ----
650 3971 772 3978 ..--.-..

661 4014 678 4052 ᾖ

161 4101 173 4154 1
185 4099 245 4156 cod.
259 4099 366 4155 laicins.
381 4099 434 4154 Der
443 4101 545 4170 spruch
556 4119 602 4156 em
611 4101 712 4158 oberen
721 4102 822 4156 rande:
838 4103 913 4158 beici
924 4101 1006 4173 opido
1016 4100 1184 4156 curtiuleeti
1192 4101 1246 4155 cle·

98 4185 166 4240 ricir.
217 4185 310 4239 arur
326 4185 478 4243 recondite.
540 4187 720 4245 erotema
739 4189 773 4244 de
787 4189 950 4246 listisbcna.
1002 4185 1246 4244 stucketerden

98 4291 202 4328 namen.
256 4273 515 4329 5Jobanueskebrt
530 4275 626 4330 amtd.
641 4275 753 4330 lebrnar
769 4277 835 4332 1461
854 4275 927 4331 nach
941 4276 1091 4347 Nlirnberg
1108 4273 1212 4330 rurdclr
1224 4291 1248 4334 ⁸.

97 4360 281 4415 wattenbach
293 4359 311 4414 i.
322 4360 349 4415 d.
360 4360 557 4433 llerechungan
568 4362 614 4428 XI,
624 4365 684 4420 352.
750 4367 766 4420 6
777 4365 919 4436 Datirung
931 4365 1002 4420 nach
1012 4365 1061 4421 der
1072 4367 1247 4433 erwtbuung

98 4447 144 4502 der
153 4448 251 4520 [Heus]
269 4447 465 4518 llangenauer,
486 4467 609 4506 »moerus
622 4452 763 4522 quondam
777 4454 871 4524 patrui
885 4454 955 4509 mei«
970 4455 1026 4508 und
1041 4453 1137 4510 dassen
1150 4455 1245 4512 cubela
