2990 5068
802 386 864 452 106

255 583 312 626 sua
335 561 443 644 grecia
465 562 642 646 permittet.
698 559 828 627 Utinam
862 562 989 647 singula
1018 583 1075 626 sua
1103 562 1211 648 grecia
1233 563 1268 626 in
1292 563 1408 628 bonnm

257 671 289 731 et
311 666 470 731 salubrem
497 672 616 731 statum
634 667 765 731 humani
784 668 908 752 generis
929 667 1180 750 disponerentur.
1228 667 1312 744 Quid
1334 689 1410 732 vero

254 772 294 840 de
318 773 382 836 tuis
398 773 618 856 preconoeptis
642 772 810 856 disponere
833 773 981 851 volueris,
1006 795 1055 838 me
1077 777 1198 838 certum
1223 773 1288 837 tuis
1311 771 1410 836 facias

255 878 393 962 scriptis.
440 876 519 942 Vale
544 877 683 943 feliciter
707 882 740 942 et
761 900 810 943 me
826 876 867 943 N.
890 875 922 944 J.
947 878 1122 964 ceterisque
1137 877 1274 961 singulis
1297 877 1410 942 amicis

256 988 287 1047 et
310 981 489 1048 fautoribus
512 983 801 1047 recommendatum
826 981 953 1048 hebeto.
990 981 1035 1046 Ex
1061 979 1249 1070 [Augusta]

805 1239 864 1310 52.

256 1395 450 1487 Hermann
479 1397 634 1472 Schedel
669 1421 717 1469 an
750 1395 966 1468 Hartmann
999 1394 1163 1468 Schedel.
1211 1394 1416 1490 Augsburg

713 1517 828 1612 [1463
861 1517 958 1613 juli].

497 1673 559 1726 clm.
580 1673 632 1727 418
654 1673 672 1727 f.
692 1673 766 1729 258ῡ.
803 1670 952 1726 Abschrift
970 1669 1148 1726 Hartmanus
1161 1671 1177 1721 ¹.

259 1793 1031 1861 Ankaul'medicinischerbucher.
1079 1794 1416 1880 Pestinrlugs-

768 1901 893 1988 burg.

344 2042 486 2110 Salutem
510 2044 682 2130 plurimam
704 2045 791 2110 dicit.
841 2043 956 2110 Patrue
973 2044 1200 2110 amentissime.
1251 2044 1331 2108 Dedi
1352 2043 1417 2127 hijs

257 2147 368 2213 diebus
402 2172 532 2235 operam
568 2152 656 2215 iuxta
678 2156 806 2235 optata,
837 2151 862 2215 si
898 2172 977 2236 qnos
1010 2151 1109 2216 libros
1142 2171 1201 2233 pro
1224 2155 1280 2213 tuo
1304 2149 1416 2212 studio

258 2254 434 2321 inchoando
457 2256 510 2322 hio
534 2254 659 2320 venales
683 2255 872 2340 reperirem,
906 2277 984 2340 quos
1007 2254 1150 2337 proiecto
1179 2275 1335 2340 nusquam
1364 2276 1416 2318 rc-

258 2361 361 2442 perire
384 2362 483 2442 potui,
509 2382 579 2427 cum
603 2360 683 2426 tales
706 2382 836 2443 perraro
860 2361 943 2444 apud
966 2380 1024 2425 nos
1047 2359 1172 2424 venales
1198 2360 1273 2437 sint,
1296 2358 1416 2423 saltem

258 2464 317 2530 tibi
340 2465 443 2531 utiles.
492 2466 580 2551 Opus
604 2465 689 2530 enim
715 2470 763 2529 est
786 2486 846 2549 pro
869 2465 1028 2548 principio
1051 2464 1100 2528 tui
1124 2464 1222 2528 studii
1240 2485 1277 2528 ac
1293 2463 1417 2528 funda-

259 2576 365 2634 mento
390 2571 580 2654 tepescendo
604 2572 728 2655 primus
744 2572 906 2636 Aviceune
921 2576 953 2635 et
973 2569 1133 2635 Afforiemi
1149 2569 1319 2653 Ypocratis
1337 2591 1417 2634 eum

259 2680 437 2740 commento
461 2674 586 2740 Galieni
611 2682 642 2741 et
665 2676 747 2760 alijs,
770 2673 871 2760 Tegni
896 2675 1043 2740 videlicet
1066 2680 1136 2753 otc,
1161 2676 1215 2760 qui
1248 2674 1327 2739 liber
1354 2698 1416 2758 ap-

258 2778 371 2862 pellari
388 2779 500 2845 solitus
517 2786 564 2846 est
579 2802 631 2846 ars
648 2785 872 2858 commentata,
898 2780 981 2864 apud
998 2778 1111 2845 Ytelos
1127 2779 1270 2844 urtieella
1283 2776 1306 2858 ¹,
1330 2801 1419 2864 qnos

258 2883 285 2947 ei
309 2883 508 2951 infuturum
533 2886 657 2951 venales
681 2907 839 2971 reperero,
861 2907 1045 2971 comparare
1067 2885 1128 2951 tibi
1152 2905 1287 2950 coenon
1311 2885 1419 2949 omit-

259 2993 333 3052 tam.
381 2988 503 3056 Suadeo
526 2996 632 3057 tamen
655 2992 806 3072 fraterne,
831 2998 868 3057 ut
889 2991 1102 3077 originalibus
1125 3012 1250 3074 semper
1273 2990 1419 3068 insudas,

257 3116 315 3158 nec
337 3095 500 3180 ingenium
524 3101 614 3162 tuum
637 3098 836 3182 extravagari
859 3097 954 3161 sines.

349 3199 453 3265 Unum
471 3207 527 3281 est,
545 3204 629 3286 quod
645 3202 705 3266 tibi
721 3203 860 3268 obticere
882 3223 1014 3287 nequeo,
1038 3199 1180 3289 p[atrue]
1197 3200 1419 3266 dilectissime.

260 3303 363 3370 Multa
380 3307 464 3371 enirn
480 3313 566 3386 sunt,
590 3330 650 3392 que
667 3308 812 3372 timorem
831 3309 1021 3392 quandoque
1045 3306 1217 3386 incuciunt,
1241 3305 1343 3388 magis
1365 3311 1419 3369 ta-

261 3433 331 3474 men
356 3431 405 3473 me
429 3415 529 3475 terret
553 3413 646 3476 buius
672 3413 748 3476 anni
773 3411 970 3496 pestilencia,
1003 3433 1075 3497 que,
1099 3415 1290 3496 quamqualn
1313 3430 1421 3493 parva

258 3515 361 3580 adhuc
384 3515 545 3579 nobiscum
582 3538 640 3600 pro
663 3519 750 3582 omni
774 3519 952 3602 suspicione
975 3517 1088 3597 fuerit,
1121 3539 1161 3582 ne
1185 3523 1291 3581 tamen
1315 3535 1418 3598 super

258 3625 412 3684 autumno
436 3620 609 3687 invalescat
631 3623 828 3706 pertimesco.
882 3623 1030 3687 Pociores
1062 3622 1156 3687 huius
1178 3622 1240 3686 loci
1265 3619 1415 3685 homines

259 3724 425 3809 utriusque
447 3745 537 3788 sexus
561 3733 682 3811 pestem
714 3729 813 3812 ipsam
838 3728 987 3793 timentes
1010 3728 1196 3792 catervatim
1220 3726 1334 3791 tuende
1360 3747 1414 3789 sa-

259 3830 336 3894 lutis
358 3831 467 3914 gracia
490 3831 674 3898 recedunt&
720 3833 781 3899 Sed
805 3835 908 3917 quid?
938 3832 1116 3897 Inducenda
1131 3838 1207 3896 suut
1230 3853 1318 3896 arma
1342 3832 1412 3895 for-

825 3934 845 3979 ιι

330 4023 467 4094 lenig
495 4025 712 4089 abueicbendea
737 4025 838 4094 jedccb
865 4023 1090 4080 uuerdentliches
1117 4026 1234 4094 concept
1253 4022 1418 4078 Hermanns

259 4111 321 4166 clm.
341 4112 393 4166 224
411 4111 430 4167 f.
450 4112 510 4170 288.
547 4113 662 4170 Danach
680 4131 742 4168 aum
764 4113 879 4180 rorigeri
908 4110 1029 4180 gestellt.
1137 4110 1238 4181 avgl.
1259 4129 1282 4164 a.
1302 4111 1327 4164 b.
1348 4111 1416 4166 clm.

261 4198 318 4254 168.
339 4199 388 4254 187
408 4200 465 4254 und
484 4199 523 4254 im
542 4201 729 4270 allgemeineu
750 4201 902 4263 Aschbaclu,
923 4201 1006 4255 Univ.
1025 4201 1141 4264 wioni,
1160 4201 1221 4256 820.
1293 4202 1311 4257 3
1330 4200 1415 4256 ›Und

260 4287 302 4340 als
321 4303 349 4340 cs
368 4305 424 4341 nun
444 4287 510 4342 kam
530 4305 584 4359 gen
602 4290 668 4344 sant
680 4289 780 4344 Jacobs
793 4293 845 4357 tag
856 4291 991 4344 annoetc.
1011 4289 1044 4344 63
1058 4287 1189 4359 [juliam.
1208 4288 1247 4342 da
1261 4290 1321 4344 erst
1332 4288 1415 4343 ward

259 4372 314 4428 den
333 4373 441 4430 reichen
462 4376 555 4432 leuten
575 4394 695 4446 grausen
714 4376 772 4430 und
791 4375 884 4431 fluhen
903 4377 992 4432 sicher
1005 4391 1058 4446 gar
1076 4375 1124 4439 vil,
1144 4373 1201 4430 dall
1221 4393 1288 4430 man
1307 4391 1336 4430 es
1362 4376 1414 4430 sol

258 4461 550 4532 praetereumtes
568 4464 625 4517 und
647 4481 681 4516 zu
700 4463 803 4520 strab.»
842 4464 882 4518 St.
896 4461 957 4520 Chr.
983 4463 1013 4526 V,
1033 4463 1051 4516 l.
1072 4480 1094 4520 c.
