2990 5068
788 411 851 477 148

779 663 840 736 68.

237 786 413 861 Heinrich
442 787 519 859 Lur
545 809 594 859 an
629 787 819 860 Hermann
853 785 1020 861 Schedel.
1077 787 1263 882 Dillingen
1294 788 1396 860 1466

742 911 814 1002 juli
849 910 880 980 l.

526 1065 588 1120 nnn.
608 1063 694 1119 eren
715 1063 735 1118 r.
754 1063 917 1121 cru-nro.
945 1063 1099 1120 numeris.

235 1198 443 1264 Antwort
473 1199 627 1264 aufdie
661 1198 821 1263 beiden
854 1197 1244 1265 briefeScbedels.
1290 1197 1396 1262 Ver·

235 1305 407 1390 teidigt
439 1305 527 1370 sich
559 1325 698 1390 gegen
729 1303 808 1368 den
835 1303 1043 1382 vorwurf,
1075 1304 1137 1369 die
1166 1303 1395 1387 jurispru-

234 1411 330 1474 denz
352 1409 610 1494 geschmiiht
630 1433 677 1474 au
700 1409 856 1486 baben,
878 1410 982 1475 aber
1004 1432 1090 1474 man
1114 1409 1251 1474 kenne
1273 1409 1396 1474 nicht

234 1513 331 1578 fruh
356 1535 502 1600 genug
525 1513 618 1578 sich
642 1518 741 1598 gott
762 1514 940 1578 widmen.
987 1511 1203 1599 Warnung
1225 1535 1296 1580 vor
1317 1515 1394 1578 den

235 1625 397 1703 poetae.
458 1617 760 1703 Rechtlertigt
797 1616 883 1683 sich
923 1617 1106 1683 endlich
1144 1638 1280 1704 gegen
1314 1620 1394 1682 den

377 1723 573 1790 vorwurf
594 1723 844 1790 weibischer
866 1723 992 1808 lrlage
1015 1745 1077 1788 um
1102 1723 1252 1790 Gessel

323 1863 456 1930 Famoso
469 1863 623 1929 medicine
637 1863 758 1929 doctori
776 1863 930 1947 magistro
946 1862 1130 1932 Hermanno
1146 1863 1277 1930 Schedel
1289 1863 1392 1930 Hein-

234 1969 317 2035 ricns
335 1969 401 2035 Lnr
428 1971 461 2034 in
486 1969 620 2036 decretis
641 1968 829 2034 licenciatus
851 1969 885 2033 in
909 1969 1038 2035 domino
1062 1969 1197 2035 salutern
1222 1974 1256 2035 et
1270 1971 1393 2035 anseris

232 2073 390 2140 calamum
413 2077 446 2140 in
470 2075 553 2140 linea
575 2074 733 2140 virtutum
759 2074 919 2142 cohibere.
970 2075 1008 2140 ln
1025 2077 1259 2162 scripturarum
1277 2099 1392 2161 csmpo

233 2181 394 2247 immerito
416 2181 555 2267 diligens
578 2185 730 2266 provocet
753 2179 951 2266 diligentem.
1002 2181 1085 2248 Sene
1106 2181 1201 2248 vultu
1226 2182 1330 2268 hylari
1359 2189 1392 2247 et

233 2286 366 2352 iucundo
382 2286 524 2370 duplices
540 2285 603 2369 hijs
618 2286 762 2371 proxime
783 2285 907 2351 effluxis
923 2287 1032 2352 diebus
1052 2311 1070 2352 e
1087 2293 1119 2352 te
1141 2288 1250 2372 accepi
1269 2287 1391 2367 literas,

232 2396 264 2456 et
279 2393 353 2457 dum
369 2391 563 2476 principium
579 2391 682 2475 prime
696 2390 884 2473 lectitercm,
909 2392 1052 2458 intonuit
1081 2393 1213 2458 nuribus
1230 2393 1392 2477 predulcis

232 2496 360 2562 afflatus
383 2501 416 2560 et
437 2497 565 2561 unditus
591 2495 697 2560 hausit
719 2496 860 2580 placidos
895 2517 1065 2578 sermones,
1097 2503 1129 2561 et
1152 2497 1225 2561 dum
1249 2497 1296 2561 sic
1316 2497 1390 2562 dul-

232 2601 312 2666 citer
345 2605 451 2666 auster
481 2599 631 2685 perflaret
657 2599 843 2684 Meringos¹
873 2599 1044 2680 auditm’,
1079 2601 1166 2666 illico
1199 2601 1232 2666 in
1254 2623 1391 2688 sequen-

233 2707 319 2771 tibus
353 2707 492 2772 surrexit
524 2707 632 2792 aquilo
667 2709 699 2771 et
730 2707 843 2771 attulit
874 2728 967 2772 sonos
999 2707 1100 2774 multe
1130 2708 1335 2792 displicencie
1359 2715 1392 2773 et

233 2811 331 2877 veluti
357 2811 605 2897 ingratitudinis
628 2811 808 2876 vehiculum
833 2811 968 2878 tristicie
996 2813 1155 2896 spiramen
1181 2813 1309 2878 advexit
1331 2835 1389 2877 nu-

232 2916 382 3003 ribusque
420 2915 592 3002 plurima⁸
631 2916 735 2981 minus
780 2916 900 3000 placita
935 2917 1139 2983 ministravit.
1197 2919 1230 2981 ln
1274 2917 1391 3001 primis

231 3023 294 3088 ibi:
335 3022 475 3088 ›Deinde
510 3021 695 3087 lamentaris
729 3021 892 3086 tellurem
917 3023 1111 3088 iuventutis«
1140 3026 1200 3087 etc.
1224 3029 1258 3086 et
1285 3021 1395 3087 infra:

233 3127 408 3195 ‚Existimo
430 3135 463 3195 te
485 3135 562 3194 tunc
593 3129 746 3212 temporis
774 3129 806 3192 in
836 3149 960 3193 summo
997 3127 1162 3193 felicitatis
1184 3127 1286 3213 gradu
1310 3129 1390 3192 esti·

230 3235 373 3301 macione
398 3241 453 3300 tua
476 3233 573 3298 fuisse
597 3234 704 3312 situm,
729 3233 882 3318 quociens
906 3233 988 3298 lorte
1012 3254 1110 3297 unum
1134 3232 1286 3318 fragilem
1310 3233 1389 3297 silo·

230 3340 367 3424 giemum
392 3347 424 3404 et
447 3338 548 3405 nichil
572 3361 610 3404 ex
634 3338 756 3404 nichilo
778 3339 1019 3404 concludentem
1040 3337 1143 3404 multa
1167 3337 1291 3403 cerebri
1314 3359 1386 3402 ver-

229 3444 331 3529 tigine
359 3449 429 3508 tota
459 3443 619 3527 insompni
643 3447 734 3508 nocte
760 3442 920 3506 texueris«
946 3448 1004 3508 etc.
1051 3441 1251 3523 Herrnanne,
1284 3441 1385 3507 elam-

229 3549 353 3616 destins
369 3548 476 3614 fundis
493 3548 678 3632 opprobria,
690 3571 743 3613 me
761 3549 843 3613 forte
861 3569 1074 3613 remorsurum
1092 3548 1267 3632 suspicans.
1294 3548 1389 3612 Certe

229 3677 293 3720 non
316 3656 454 3735 certabo,
479 3654 539 3718 nisi
561 3653 728 3718 scolastico
755 3653 940 3734 certamine,
964 3652 1058 3718 aliter
1081 3675 1161 3718 rane
1178 3653 1211 3716 in
1228 3657 1385 3718 metuam

229 3759 360 3825 accuisti
383 3761 539 3846 linguam.
587 3757 637 3824 Ne
655 3763 761 3824 tamen
778 3759 884 3825 dicas:
906 3759 1004 3824 verbs
1019 3758 1084 3824 feci
1100 3764 1226 3824 mortuo
1244 3763 1276 3823 et
1291 3760 1387 3824 surdo

228 3865 354 3931 narravi
377 3864 539 3944 fabulam,
573 3864 604 3929 in
629 3886 776 3948 campum
805 3863 990 3929 certaminis
1027 3864 1217 3930 descendens
1240 3864 1385 3949 singulas

228 3971 457 4037 invectivarum
481 3975 606 4035 tuarum
630 3975 748 4053 partes,
772 3975 867 4054 prout
891 3969 1027 4054 prodigo
1049 3968 1124 4034 stilo
1155 3970 1305 4050 exarasti,
1329 3991 1386 4054 po-

227 4100 310 4156 nam,
334 4098 374 4141 ne
397 4099 445 4141 me
468 4073 589 4159 aliquid
613 4075 794 4160 confingere
816 4076 994 4160 suspiceris,
1021 4080 1054 4140 et
1079 4075 1120 4141 ad
1145 4077 1272 4140 easdem
1296 4075 1386 4141 iuxta

227 4182 328 4249 docile
349 4181 511 4265 ingenium
537 4185 719 4246 screatore
741 4181 850 4246 datum
867 4182 1079 4267 respondebo,
1103 4181 1179 4268 quia
1207 4181 1313 4247 nichil
1337 4205 1386 4246 re-

226 4289 382 4373 spondere
403 4287 534 4352 omniuo
556 4285 636 4351 utile
658 4309 721 4351 non
746 4287 880 4366 videtur,
905 4310 945 4353 ne
969 4288 1068 4352 eciam
1086 4288 1314 4370 responsionis
1332 4309 1385 4372 pe-

797 4410 817 4446 tl·

300 4497 311 4550 1
334 4493 442 4564 Mering
463 4493 534 4548 sddl.
553 4510 606 4548 von
623 4492 780 4562 Augsburg.
852 4496 869 4547 2
887 4495 1002 4549 aditus?
1073 4496 1090 4548 3
1108 4493 1167 4549 cod.
1187 4495 1352 4564 plurimum.
