3002 5070
652 425 672 488 8

91 601 249 665 scienciam
273 621 309 664 ac
332 600 449 682 legum,
472 622 597 664 omnem
622 622 712 664 suam
727 622 834 665 curam
857 600 897 664 ad
920 601 993 665 illas
1015 602 1235 666 convertitat-

92 727 144 788 qne
166 705 200 769 in
223 706 268 768 eis
293 707 380 768 brevi
398 709 543 788 tempore
558 706 606 768 ita
622 705 777 770 excellens
794 705 898 770 lactus
921 712 978 785 est,
994 711 1031 771 ut
1054 727 1117 770 non
1134 706 1237 772 solum

92 808 254 874 nostriset
287 809 384 873 eciam
409 809 581 892 superioris
609 811 763 893 temporis
786 810 931 875 homines
963 811 1060 895 longe
1091 812 1237 876 anteiret.

95 913 168 978 Nam
192 919 229 977 ut
251 919 401 996 expertus
425 913 556 998 loquor,
590 913 836 980 adolescenciam
858 936 948 980 suam
972 920 1063 980 tanta
1086 916 1240 980 modestia

92 1040 206 1103 semper
229 1020 428 1103 composuit,
451 1020 544 1083 utin
569 1025 655 1084 etate
677 1020 809 1084 iuvenili
833 1021 1056 1086 anctoritatem
1079 1020 1238 1084 obtineret

92 1124 225 1200 senium3
258 1123 403 1188 lascivias
432 1145 540 1188 omnes
562 1130 594 1190 et
618 1124 837 1190 blandimenta
858 1127 1016 1210 corporis,
1049 1147 1111 1210 quc
1132 1147 1236 1190 secum

95 1228 146 1292 illa
167 1227 229 1293 fert
253 1233 331 1308 etas,
354 1229 432 1293 adeo
455 1234 503 1294 est
518 1236 718 1314 aspernatus,
741 1236 778 1296 nt
794 1265 838 1274 -
852 1231 990 1295 veridice
1005 1229 1156 1310 famatus,
1174 1251 1236 1294 non

93 1333 246 1398 blanditur
273 1373 312 1384 »-
336 1335 466 1417 cupiens
497 1338 683 1419 perpetuam
707 1336 843 1420 elegerit
883 1339 1081 1420 servaritque
1109 1335 1236 1401 castita-

94 1443 162 1516 tem,
183 1460 246 1504 non
271 1438 455 1503 mortalium
479 1443 528 1503 set
551 1439 715 1504 celestium
739 1440 885 1505 imitatus
900 1445 1059 1505 naturam.
1097 1439 1237 1504 Tandem

93 1545 230 1623 stridit,
255 1542 349 1608 buius
373 1543 483 1606 mundi
512 1544 705 1626 sapienciam
729 1549 808 1628 aput
842 1545 935 1609 deum
958 1546 1134 1610 stulticiam
1158 1545 1239 1622 fore,

92 1650 136 1713 dei
157 1650 272 1733 spiritu
296 1651 418 1728 ductus,
443 1650 591 1734 quicum
616 1649 648 1714 in
674 1673 764 1716 snum
789 1653 975 1735 obsequium
1006 1651 1165 1734 disposuit
1188 1671 1237 1713 se-

93 1756 291 1838 gregandum,
315 1753 440 1819 abiecta
462 1755 541 1818 iuris
575 1777 612 1820 ac
634 1757 739 1840 legum
764 1779 858 1833 cura,
889 1757 1001 1822 relicto
1024 1755 1139 1837 seculo,
1163 1777 1237 1822 con-

94 1865 207 1943 tempto
230 1864 364 1943 paterno
392 1859 469 1937 lare,
493 1860 636 1924 ordinem
652 1860 900 1926 cartusiensium
926 1862 1005 1927 celle
1026 1860 1118 1925 beate
1138 1859 1238 1924 Mario

95 1965 218 2046 virginis
242 1964 337 2029 audio
370 1964 509 2029 veridica
531 1965 687 2031 relacione
711 1968 778 2031 lore
800 1969 1004 2053 ingressum¹
1031 1988 1163 2052 eamque
1188 1987 1237 2030 re-

95 2066 248 2152 ligionem,
273 2091 335 2154 qne
357 2069 519 2134 artissima
541 2072 682 2135 omnium
706 2072 864 2138 iudicatur
877 2121 969 2138 .....

172 2172 227 2238 Set
250 2177 307 2240 bec
329 2175 438 2240 omnia
459 2197 488 2238 ι.
512 2175 702 2258 paternitati
726 2177 849 2255 scribo,
873 2199 936 2241 non
960 2180 996 2240 nt
1019 2173 1181 2260 prefatum
1204 2176 1236 2238 in

94 2276 211 2344 Christo
242 2279 322 2343 mihi
354 2280 476 2344 sincere
506 2280 656 2345 dilectum
691 2286 799 2346 atam
822 2280 976 2346 laudabili
999 2281 1159 2364 principio
1183 2302 1233 2344 re-

96 2383 213 2448 trahere
235 2384 341 2464 velim,
364 2393 414 2450 set
441 2387 573 2450 eundem
598 2387 629 2450 in
654 2409 713 2464 co,
744 2387 828 2471 quod
851 2388 945 2470 cepit,
969 2385 1106 2450 feliciter
1130 2406 1237 2468 perse·

95 2509 193 2554 nemra
214 2511 307 2573 spero
330 2495 363 2554 et
385 2493 556 2573 persistere
572 2493 704 2578 gaudeo.
739 2491 797 2558 Nil
814 2493 898 2556 enim
922 2492 1045 2556 dulcius
1068 2512 1103 2556 ac
1125 2490 1234 2557 iocun-

92 2594 157 2657 dius
179 2595 277 2660 solido
308 2595 428 2660 homini
453 2599 620 2682 prospicio,
655 2620 748 2682 quam
778 2599 872 2663 deum
903 2598 1036 2682 diligere
1060 2600 1092 2660 et
1115 2618 1147 2660 se
1171 2596 1238 2660 eius

94 2703 264 2784 rnsncipare
280 2700 433 2784 servicijs.
480 2701 654 2788 Propterea
669 2726 738 2768 cum
752 2726 824 2768 eum
839 2703 871 2768 id
887 2703 1050 2767 intendere
1066 2701 1236 2783 conspicio,

96 2803 191 2868 firmet
212 2807 314 2889 ipsum
339 2807 533 2892 euangelica
555 2810 727 2888 sentencia,
752 2831 813 2894 que
836 2811 901 2874 ait:
926 2809 1007 2884 Quid
1023 2808 1153 2891 prodest
1176 2806 1234 2870 ho-

94 2909 176 2988 mini,
190 2912 216 2974 si
231 2913 412 2976 universum
432 2915 582 2978 mundum
599 2914 742 2980 lucretur
758 2921 789 2979 et
804 2916 908 2979 anime
933 2937 989 2979 sue
1009 2914 1234 2978 detrimentum

95 3016 255 3096 paciatur?
293 3017 405 3082 Curius
439 3041 516 3104 ergo
539 3021 656 3086 habere
680 3022 786 3098 debet,
820 3043 891 3086 cum
916 3020 1018 3084 Maria
1048 3017 1237 3101 Magduleua

95 3122 367 3206 contemplacionis
398 3124 584 3190 celsitudine
612 3127 706 3208 pedes
736 3127 887 3210 amplecti
921 3125 1113 3200 dominicos,
1143 3143 1236 3205 quam

95 3245 159 3287 curn
176 3225 279 3290 Marta
301 3229 404 3291 active
427 3229 492 3292 vite
514 3231 631 3314 agitari
657 3230 824 3314 spiraculis
841 3231 921 3294 etin
946 3230 1110 3294 hominum
1127 3226 1236 3290 edibus

95 3329 239 3396 babitare.
288 3331 348 3396 Ast
364 3334 508 3415 quamvis
532 3337 590 3399 boc
613 3336 696 3400 idem
720 3337 819 3400 eciam
843 3357 943 3399 unum
964 3335 1010 3398 sit
1033 3356 1071 3398 ex
1094 3351 1235 3396 neccssa-

651 3470 668 3508 e

156 3539 169 3591 l
189 3539 268 3594 ›Und
288 3541 450 3596 desselben
467 3543 527 3611 jars
540 3541 647 3597 Urbani
668 3545 748 3613 [1152
768 3545 825 3599 mai
843 3544 887 3614 25]
908 3546 994 3613 gieng
1016 3542 1122 3597 Endres
1134 3541 1235 3596 Rumel

95 3625 120 3678 in
139 3627 187 3681 das
205 3629 466 3685 cartheusercloster
497 3630 547 3686 das
575 3631 702 3687 niemant
728 3632 849 3686 darumb
875 3630 957 3687 wellt.
1003 3631 1038 3684 Er
1057 3630 1151 3684 belaib
1169 3630 1238 3684 aber

92 3713 165 3767 nicht
182 3715 343 3772 dorinnen«.
381 3715 566 3787 Ndrnbcrger
583 3719 756 3774 Jahrbitcher
783 3721 831 3774 des
853 3722 891 3774 15.
911 3718 1002 3774 Jhdts.
1039 3717 1238 3773 ssedtechro

91 3799 171 3856 niben
190 3804 222 3866 X,
242 3807 302 3860 190.
340 3803 454 3858 Danach
482 3804 526 3858 die
545 3804 690 3876 datirung.
728 3807 811 3863 Wobl
836 3808 921 3862 echon
945 3824 995 3860 aus
1022 3806 1179 3871 eichstete,
1208 3823 1237 3860 so

93 3885 153 3942 dass
170 3909 209 3943 nr.
227 3894 237 3946 l
257 3891 329 3948 noch
348 3909 398 3948 vor
419 3892 591 3962 1⁴521iegc‘?
612 3893 694 3958 Rotb,
713 3893 876 3949 Gescbichtc
889 3894 947 3948 und
961 3893 1169 3961 Beschreibnng
1187 3892 1236 3946 der

91 3972 266 4048 Ndrnberger
279 3979 448 4042 Karthanse‚
467 3983 556 4033 neunt
574 3981 612 4034 im
628 3981 796 4037 verzeichnis
810 3981 859 4034 der
871 3980 1135 4050 ordensmitglieder
1148 3997 1174 4049 p.
1188 3979 1232 4033 111

90 4061 212 4120 Rummel
230 4065 322 4131 nicht,
348 4083 370 4121 s.
389 4065 456 4122 aber
475 4085 500 4136 p.
522 4068 579 4122 107.
634 4069 719 4124 Εἰιιειι
738 4069 838 4124 beweis
862 4069 911 4122 der
930 4068 1111 4138 juristisclren
1132 4068 1237 4134 1111113-

88 4147 145 4204 keit
161 4149 302 4208 anmels
326 4171 348 4208 a.
364 4153 387 4222 j.
414 4157 481 4210 1155
508 4154 720 4218 Joachimsohn.
749 4156 903 4224 Heinrburg
923 4157 981 4211 116.
1019 4157 1069 4210 ltin
1089 4154 1236 4212 consilium

88 4237 120 4291 de
137 4242 254 4296 testibus
272 4242 301 4296 in
316 4241 376 4298 cod.
388 4243 498 4313 erlang.
511 4243 561 4297 687
576 4245 594 4298 l.
608 4245 667 4300 352.
697 4241 871 4308 Siebenlsees,
893 4243 1069 4298 Materialieu
1083 4261 1131 4296 aur
1143 4241 1169 4294 N
1172 4247 1237 4294 firn-

88 4325 245 4398 bergischen
276 4329 441 4386 Geschicbte
460 4331 497 4396 ll,
524 4333 589 4386 6611
612 4335 701 4386 neunt
727 4332 777 4385 ibn
802 4349 836 4385 au
858 4332 932 4385 1171.
976 4332 1043 4386 Eine
1062 4330 1160 4401 epistol
1181 4347 1234 4384 von

87 4413 144 4469 ihm
161 4434 197 4472 an
215 4419 268 4473 den
289 4417 408 4473 dracker
427 4418 488 4474 Joh.
500 4418 708 4474 Sensenschmid
731 4437 779 4474 sor
798 4419 847 4473 der
860 4416 1042 4488 Niirnberger
1061 4417 1235 4488 pandekten-

88 4506 208 4574 susgsbc
227 4524 281 4562 von
302 4507 369 4561 1115
389 4525 408 4560 s.
428 4507 543 4572 Parnes,
563 4507 665 4561 Annal.
685 4510 797 4578 typogr.
816 4507 852 4572 Il,
875 4507 923 4560 172
942 4507 960 4560 f.

986 4595 998 4650 1
1014 4599 1027 4626 t
