3002 5070
83 421 100 458 ‘
623 415 664 482 51

73 617 164 678 quam
180 593 393 672 institueram,
416 593 465 656 vir
489 591 679 668 doctissime,
696 592 800 656 literis
824 591 901 655 meis
923 592 1080 668 caruistis,
1104 612 1140 655 eo
1156 592 1222 656 fac·

73 703 137 762 tum
161 719 227 764 esse
249 696 378 776 credite,
403 697 485 781 quod
509 717 565 780 spe
579 695 741 761 celerioris
770 694 981 778 expeditionis
1004 697 1154 762 continuo
1171 719 1221 761 me

73 809 103 866 et
124 803 259 886 patriam
284 807 317 867 et
339 823 505 885 personam
529 806 664 867 vestram
693 800 869 867 recisurum
885 801 1059 867 arbitratus
1082 823 1162 867 sum.
1186 801 1221 868 Id

71 929 138 974 cum
160 929 236 973 casu
258 908 396 993 quodam
429 909 594 991 insperato
626 908 841 991 interceptum
877 906 957 971 mihi
991 907 1035 972 sit
1057 907 1222 994 indiesque

72 1014 170 1096 magis
193 1035 231 1078 ac
253 1013 356 1097 magis
379 1014 502 1078 reditus
524 1013 587 1078 mei
610 1013 763 1078 incertior
778 1013 848 1092 sim,
872 1033 912 1075 ne
927 1012 1027 1076 ve'stri
1050 1012 1084 1076 in
1106 1034 1157 1077 me
1173 1013 1222 1078 of-

71 1117 146 1201 ficij,
168 1119 276 1182 meriti
311 1123 344 1182 et
365 1117 570 1182 observantie
604 1139 623 1181 a
655 1139 784 1202 quoquo
815 1117 980 1181 immemor
1014 1116 1224 1202 ingratusque

70 1223 199 1288 iudicari
224 1223 355 1307 possim,
377 1222 499 1307 aliquid
517 1223 684 1287 literarum
708 1223 745 1286 ed
770 1243 825 1288 vos
848 1221 985 1287 dandum
1009 1223 1127 1299 censui,
1151 1222 1222 1306 qui·

72 1329 125 1392 bus
147 1329 265 1412 partim
291 1329 379 1393 vobis
402 1328 567 1412 cognitum
591 1329 632 1392 iri
649 1329 756 1408 velim,
780 1349 843 1413 quo
861 1327 971 1392 studio
994 1332 1027 1392 et
1041 1327 1224 1412 diligencia,

71 1432 182 1516 quibus
219 1433 355 1518 denique
379 1431 502 1516 vigilijs
536 1431 708 1496 militantis
739 1429 921 1496 monarchis
957 1436 1060 1497 status
1093 1453 1129 1496 ac
1152 1433 1223 1516 dig-

70 1539 150 1602 nitas
174 1543 209 1602 et
230 1539 328 1603 armis
350 1543 383 1602 et
406 1537 530 1621 legibus
553 1538 712 1623 dirigatur
728 1538 751 1602 ¹.
795 1535 870 1602 Jam
886 1537 1005 1602 dudum
1023 1538 1108 1602 enim
1125 1539 1221 1603 iutel-

70 1643 178 1709 lexisse
209 1666 264 1709 vos
286 1643 445 1723 arbitror,
480 1643 732 1709 illustrissimum
756 1644 982 1727 imperatorem
1013 1649 1159 1710 nostrum
1189 1645 1223 1708 in

71 1770 172 1834 regem
190 1747 334 1835 Ungarie
355 1749 489 1815 electum
514 1771 572 1832 per
594 1749 747 1835 quosdam
763 1771 801 1813 ex
824 1750 1062 1832 potencioribus
1086 1751 1223 1815 eiusdem

71 1856 156 1940 regni
189 1855 371 1935 comitibus,
405 1855 595 1936 baronibus,
631 1854 788 1918 militibus
810 1859 843 1920 et
867 1854 1042 1936 nobilibus,
1074 1857 1223 1941 quicum

69 1961 130 2023 suis
152 1959 370 2038 comitatibus,
394 1959 489 2026 terris
515 1963 548 2024 et
563 1960 711 2026 dominiis
728 1963 859 2044 totaque
875 1982 987 2026 eorum
1007 1962 1154 2044 potencia
1169 1983 1224 2026 sue

71 2063 228 2148 imperiali
263 2065 421 2131 maiestati
454 2065 632 2145 adiutorio,
664 2065 783 2130 auxilio
816 2073 849 2130 et
876 2066 1010 2132 consilio
1041 2089 1074 2131 se
1100 2067 1226 2133 futuros

72 2169 208 2251 polliciti
229 2176 314 2252 sunt,
338 2195 401 2256 quo
424 2174 619 2238 commodius
642 2173 783 2238 eiusdem
809 2174 901 2259 regni
925 2173 1154 2258 possessionem
1175 2179 1226 2238 at·

71 2295 128 2358 que
151 2275 340 2341 fidelitatem
372 2281 496 2362 potenti
530 2286 716 2364 armataque
747 2301 846 2344 manu
876 2279 1008 2364 adipisci
1033 2285 1129 2365 atquc
1151 2279 1226 2344 sub·

71 2381 178 2464 ingara
204 2387 310 2467 queat,
334 2384 491 2470 fidemque
519 2407 626 2450 eorum
650 2385 749 2450 secuti
766 2407 901 2451 unacum
925 2385 1065 2450 exercitu
1089 2384 1226 2450 eiusdem

71 2486 95 2550 d.
119 2487 323 2572 imperatoris
345 2495 457 2556 contra
473 2490 628 2556 Mathiam
652 2491 689 2555 de
704 2489 837 2568 Huniat,
862 2513 899 2556 ex
922 2489 986 2555 alia
1009 2496 1101 2574 parte
1116 2510 1224 2575 regem

72 2599 262 2673 protensum,
286 2601 320 2659 et
352 2596 419 2661 eius
442 2596 616 2660 exercitum
641 2595 804 2679 egregiam
835 2596 1002 2661 victoriam
1034 2617 1106 2660 cum
1129 2596 1227 2659 certis

72 2700 180 2764 matris
204 2701 290 2784 parti
313 2705 388 2765 sunt
411 2723 570 2787 manuque
593 2700 683 2784 regia
707 2721 743 2766 ao
766 2700 843 2766 forti
862 2701 1011 2766 maiorem
1036 2701 1128 2784 regui
1152 2721 1226 2783 par·

72 2811 131 2867 tem
152 2805 342 2889 subiugasse
362 2827 426 2871 nou
449 2806 661 2884 dubitabant,
686 2805 712 2869 ei
736 2827 770 2870 se
793 2827 851 2889 per
875 2807 1011 2871 eundem
1034 2805 1064 2869 d.
1089 2805 1225 2888 impera·

72 2913 168 2973 torem
194 2910 333 2976 uberiori
355 2911 496 2976 subsidio
519 2910 691 2976 sensissent
710 2911 902 2978 consolatos.
950 2907 1047 2974 Cuius
1070 2908 1226 2974 auxilium

72 3012 189 3078 diutius
216 3019 420 3099 expectentes
442 3015 590 3099 sibique,
615 3019 700 3080 terre
723 3021 755 3080 et
777 3015 927 3099 domiuija
951 3036 1063 3079 eorum
1087 3013 1226 3098 proprijs

73 3120 211 3184 enomria
233 3121 372 3205 dampna
394 3143 434 3185 ex
457 3121 580 3185 diversa
602 3124 695 3204 parte
710 3120 802 3185 illota
817 3125 914 3205 atque
929 3121 1094 3185 inferenda
1111 3121 1227 3184 timen-

75 3229 117 3288 tes
138 3226 181 3288 ob
204 3224 378 3290 tuicionem
393 3231 426 3291 et
442 3247 614 3310 corporum
629 3230 662 3290 et
677 3247 783 3290 rerum
800 3228 994 3310 imperatore
1011 3225 1124 3290 relicto
1141 3225 1226 3307 parti

73 3329 197 3394 adverse
218 3331 346 3394 tandem
370 3331 463 3396 inviti
481 3352 514 3396 se
536 3332 766 3411 submiserunt,
790 3352 853 3416 quo
874 3329 993 3395 factum
1018 3333 1074 3409 eat,
1099 3331 1134 3394 ut
1157 3330 1226 3413 ipsc

74 3435 100 3498 d.
123 3435 298 3520 imperator
321 3441 488 3522 tamquam
511 3438 677 3522 episcopus
699 3437 767 3502 sine
783 3437 919 3522 dyocesi,
943 3438 1053 3520 pastor
1068 3435 1136 3500 sine
1157 3434 1226 3499 ovi·

75 3537 164 3618 libus,
187 3541 284 3606 titulo
307 3543 397 3628 regni
423 3543 543 3628 absque
566 3543 764 3626 possessione
787 3546 820 3606 et
842 3541 999 3606 fidelitate
1022 3561 1121 3606 vacuo
1137 3541 1225 3606 frua·

75 3651 134 3726 tur,
157 3647 336 3731 intluensija
358 3648 572 3716 celestialibns
595 3649 753 3733 astrisque
777 3647 951 3731 plurimum
967 3646 1035 3730 spei
1059 3667 1229 3730 reponens,

77 3771 205 3834 quorum
229 3753 378 3837 presagio
407 3755 512 3838 ipsum
544 3775 679 3838 regnum
711 3759 744 3817 et
767 3773 846 3836 pace
877 3756 909 3816 et
932 3750 1172 3836 tranquillitate
1195 3772 1228 3815 se

75 3853 254 3922 babitumm
277 3857 417 3924 confidit.
462 3859 552 3935 Quod
576 3881 647 3923 cum
669 3859 791 3923 lactum
814 3858 929 3937 fuerit,
953 3858 1127 3923 credamus.

162 3959 431 4028 Revereudissimo
459 3963 590 4046 insuper
618 3985 643 4029 s.
668 3962 789 4047 Angeli
818 3963 973 4029 cardinali
997 3967 1029 4028 et
1052 3961 1228 4045 apostolice

77 4066 154 4130 sedis
187 4069 295 4152 legato
329 4069 392 4134 iam
418 4069 616 4153 aliquamdiu
648 4069 733 4133 inter
764 4069 869 4152 ipsum
893 4069 922 4133 d.
948 4068 1172 4152 imperatorem
1197 4070 1229 4132 et

78 4177 213 4237 oratores
235 4173 320 4258 regis
347 4176 487 4258 preteusi
511 4175 541 4238 iu
568 4173 705 4239 Wienna
727 4174 895 4260 placitanti
908 4173 953 4260 (t),
978 4176 1114 4258 quatuor
1137 4173 1228 4238 milia

80 4279 216 4360 equitum
232 4284 265 4344 et
279 4279 423 4363 peditum
440 4281 529 4364 regui
542 4277 684 4364 ngarie
703 4281 736 4344 in
753 4281 931 4346 confinibus
947 4278 1079 4343 ducatus
1094 4279 1225 4344 Austris

642 4421 661 4455 ’k

149 4489 160 4542 1
182 4490 242 4560 Vgl.
262 4509 325 4545 aum
344 4489 496 4559 folgenden
514 4490 616 4557 Habet,
635 4489 733 4545 Gesch.
752 4488 939 4545 Oesterreiohs
952 4487 999 4550 ΙΙΙ,
1021 4486 1071 4542 130
1083 4487 1112 4541 ff.

979 4575 997 4628 4
1007 4581 1021 4613 s
