3002 5070
595 427 636 492 27

73 603 333 688 eutscbuldigung
349 604 405 669 der
418 606 620 688 vembgerten
639 599 791 689 antwurt]
809 651 880 668 .....
907 601 943 690 [f.
954 601 1045 690 301⁵]
1062 599 1175 686 Itaque
1191 599 1217 664 si

74 711 124 773 has
146 708 317 797 elegantia,
333 716 389 775 tua
414 710 518 774 minus
542 709 654 794 dignas
680 709 806 794 legeris,
832 708 975 792 ignosces
997 707 1217 790 occupationi-

72 813 124 878 bus
144 813 224 878 meis
246 814 292 878 rei
309 813 499 900 publiceque
513 813 664 898 negocijs,
687 835 749 898 que
764 817 866 892 tauta,
890 819 954 878 tam
981 813 1107 878 assidua
1133 817 1218 891 suut,

75 924 106 982 ut
126 919 178 984 vix
201 919 353 984 membris
370 919 510 1005 quietem
535 921 676 985 tribuere
710 919 861 1003 vole0[!].
894 918 971 984 cum
995 919 1089 994 enim,
1112 922 1149 983 ut
1172 917 1218 982 ait

71 1023 186 1104 Cicero,
196 1047 260 1090 non
276 1025 379 1090 solum
397 1025 489 1091 nobis
504 1025 571 1091 nati
588 1047 696 1090 snmus
706 1022 755 1111 [!],
772 1026 825 1090 sed
842 1029 967 1108 partem
983 1024 1085 1090 nostri
1101 1023 1217 1108 patria,

69 1131 213 1212 partenr¹
249 1131 343 1197 amici
378 1131 439 1195 sibi
474 1130 660 1210 vendicent,
691 1151 755 1194 non
791 1129 891 1194 solum
915 1130 1022 1195 verbis
1044 1129 1096 1194 sed
1119 1128 1217 1192 eciam

71 1239 177 1300 mutus
199 1236 367 1302 voluntate
398 1257 538 1302 amorem
571 1256 675 1300 meum
702 1255 889 1300 conservare
912 1235 1033 1302 studeo.
1079 1231 1161 1298 Nam
1187 1237 1218 1296 et

70 1341 235 1406 secundum
259 1341 347 1428 leges
370 1342 538 1408 canonicas
566 1363 602 1406 ac
625 1340 734 1406 civiles
756 1340 954 1418 instruimur,
978 1345 1101 1405 utnon
1125 1359 1217 1402 even·

69 1450 141 1525 tum,
167 1448 221 1512 sed
245 1448 399 1528 animum,
425 1469 489 1512 non
513 1446 662 1512 effectum
685 1447 737 1511 sed
761 1445 922 1527 affectum,
945 1465 1009 1508 nun
1032 1465 1140 1509 casum
1164 1444 1217 1508 sed

69 1553 266 1636 propositum
290 1554 482 1619 intueamur.
528 1551 701 1619 Considera
730 1573 807 1636 ergo
831 1557 967 1616 mentem
1000 1572 1113 1630 meam,
1136 1548 1218 1614 desi·

72 1655 187 1722 derium
212 1678 290 1742 erga
314 1663 346 1724 te
369 1660 501 1744 respice,
524 1658 722 1723 voluntatem
746 1656 951 1741 amplectere,
975 1656 1068 1721 fidem
1085 1655 1218 1740 suscipe,

70 1762 285 1828 excusaciones
307 1765 449 1832 admitte.
497 1762 578 1840 Quid
594 1765 653 1828 tibi
670 1763 825 1842 dabimus,
848 1761 923 1848 quid
955 1763 993 1827 de
1015 1766 1048 1826 te
1070 1760 1218 1838 dicemus,

74 1867 145 1951 quid
170 1869 232 1934 tibi
255 1869 489 1954 pollicebimur,
513 1870 588 1954 quid
611 1869 748 1953 denique
761 1867 903 1952 cogitare
926 1866 1111 1952 poterimus,
1135 1865 1219 1950 quod

68 1978 97 2035 te
118 1974 251 2058 dignum
271 1997 337 2040 csse
352 1975 508 2053 videatur,
531 1975 586 2060 qui
609 1995 672 2038 non
689 1995 739 2038 me
755 1971 868 2052 solum,
893 1993 1002 2039 verum
1019 1971 1117 2036 eciam
1134 1970 1218 2036 mul·

71 2083 115 2142 tos
137 2080 223 2144 viros
253 2079 334 2144 mibi
366 2080 544 2146 carissimos
575 2078 639 2144 tuis
663 2079 786 2142 meritis
816 2076 998 2162 alligaveris
1027 2080 1060 2140 et
1082 2096 1132 2139 me
1156 2074 1220 2138 tuis

70 2184 259 2251 carminibus
276 2191 308 2250 et
320 2186 522 2252 oracionibus
543 2207 667 2270 semper
685 2184 887 2250 exornaveris
903 2204 939 2248 ac
955 2181 1113 2260 laudibus,
1141 2201 1218 2266 quas

71 2287 104 2353 de
118 2312 169 2354 me
186 2291 339 2368 cecinisti,
363 2292 564 2376 splendidum
581 2291 780 2357 reddideris?
825 2289 894 2374 Ego
910 2290 993 2354 enim
1010 2294 1081 2352 tuas
1097 2287 1218 2372 epistu-

71 2393 123 2472 las,
147 2399 295 2479 poemata
320 2396 479 2461 interdum
503 2396 663 2477 lectitans,
687 2417 781 2479 quem
798 2398 925 2478 poetam
949 2397 1132 2458 nostrorum
1155 2411 1218 2455 non

70 2504 280 2584 contempno?
325 2499 487 2576 Quantum
513 2501 611 2566 eciam
636 2501 820 2586 eloquentia
842 2500 998 2578 excellas,
1022 2498 1141 2581 scripta
1163 2501 1221 2561 tua

74 2605 292 2670 honestissima
312 2606 550 2687 demonstrant,
583 2613 704 2672 utnon
729 2628 852 2683 verear,
875 2611 907 2671 te
931 2605 962 2670 in
987 2603 1072 2670 omni
1097 2601 1219 2667 dicendi

71 2732 182 2793 genere
204 2711 363 2778 novellum
379 2711 562 2776 Ciceronem
586 2710 747 2796 appellare
765 2709 800 2798 [f.
818 2709 910 2797 302}
959 2709 1093 2794 Insuper
1117 2728 1219 2794 quau-

71 2817 137 2881 dam
162 2818 324 2882 materiam
341 2815 563 2902 perscribers²
585 2825 617 2881 te
637 2818 756 2901 optavi,
782 2839 878 2902 quam
901 2837 959 2901 per
982 2815 1085 2880 varias
1108 2832 1219 2878 manos

71 2921 127 2986 tibi
151 2923 337 2987 mittendam
369 2944 561 2988 curaveram.
607 2922 725 3008 Ignoro
749 2929 875 3002 temen,
908 2926 1017 2985 utrum
1038 2940 1107 2983 eam
1131 2937 1219 2982 acce·

74 3029 163 3109 peris.
208 3026 312 3104 Quare
336 3036 368 3093 te
390 3048 469 3112 rogo
493 3033 524 3094 et
548 3033 652 3106 ortor,
684 3050 724 3093 ne
746 3028 908 3114 agnoveris
931 3025 1010 3091 mibi
1035 3024 1095 3089 hoc
1122 3043 1220 3108 nego-

73 3135 147 3198 tium
170 3135 342 3214 perficere,
373 3134 427 3198 sed
450 3133 584 3218 implere
607 3155 751 3219 peragas.
799 3133 872 3198 Tibi
903 3131 987 3198 enim
1010 3131 1082 3216 plus
1108 3129 1216 3194 tribuo

75 3261 163 3323 quarn
179 3239 293 3304 ceteris
308 3237 465 3318 omnibus,
483 3239 581 3323 quiet
598 3237 630 3302 in
647 3239 735 3303 curia
751 3244 783 3302 et
799 3243 890 3302 extra
904 3237 1024 3302 curiam
1042 3238 1219 3312 versantur,

75 3344 215 3426 quoniam
234 3343 363 3408 facilius
376 3365 470 3428 quam
481 3345 576 3426 ceterj
590 3345 775 3408 conficiendi
788 3346 914 3409 modum
934 3342 1030 3406 babes
1047 3347 1079 3405 et
1089 3340 1220 3405 solidius

72 3453 207 3531 prestare
218 3471 348 3533 operam
362 3470 398 3514 uc
420 3449 620 3535 diligentium
634 3449 730 3529 valeS,
745 3450 906 3534 michique
924 3448 1020 3533 louge
1035 3448 1218 3533 gratiusnc·

73 3554 318 3639 ceptebiliusqus
336 3559 426 3618 tuum
447 3560 494 3619 est
517 3575 596 3638 opus
619 3575 713 3638 quam
736 3553 883 3634 aliorum,
910 3553 965 3638 qui
991 3551 1220 3639 quodammodo

75 3660 160 3723 rudes
182 3664 214 3724 et
237 3661 356 3724 inertes
377 3659 542 3738 videntur,
574 3660 741 3742 presertim
774 3681 846 3726 cum
868 3660 1004 3725 aliorum
1027 3663 1165 3723 mentem
1188 3660 1220 3747 et

75 3767 265 3848 propositum
297 3767 329 3828 in
365 3764 531 3830 scribendo
565 3764 732 3849 complecti
762 3767 940 3832 debent...
975 3763 1053 3829 Vale
1086 3761 1221 3828 feliciter

76 3873 106 3932 et
127 3891 172 3932 me
194 3869 304 3934 amicis
328 3873 360 3933 et
382 3870 476 3954 socijs
498 3870 717 3935 commendare
738 3892 800 3935 non
826 3871 972 3958 negligas
996 3873 1054 3934 eto

633 3993 650 4031 ss

92 4089 96 4096 '
141 4079 227 4136 leod.
254 4079 368 4149 partim.
475 4077 611 4134 nnorfte
630 4079 706 4143 sich,
738 4081 789 4134 wie
816 4081 942 4135 darselbc
967 4075 1105 4132 ausdruck
1131 4079 1217 4130 unten

77 4181 114 4258 nr.
132 4166 171 4232 33,
189 4168 238 4222 aul
255 4166 306 4222 das
335 4165 518 4222 ebscbreiben
545 4164 621 4220 einer
646 4165 825 4222 bundrcbriit
844 4166 992 4230 besiehen,
1022 4163 1082 4233 vgl.
1101 4163 1221 4218 materia

77 4268 208 4322 impressa.

537 4389 746 4400 mmm—nn·—
