2990 5068
624 419 684 486 139

75 593 334 679 blitteilung
372 615 457 660 vom
497 594 597 661 lode
635 592 829 660 Gessels.
891 594 1223 662 Glllclrwunscb

75 721 141 762 aur
172 698 460 786 vermiihlung
492 701 557 766 des
580 701 737 766 sobnes
767 699 1007 784 Sigismuud
1043 700 1224 768 Goseem·

264 807 373 871 brot.
417 805 624 872 Bitteum
648 806 1051 872 einehandscbrift.

157 942 229 1007 Nisi
260 949 319 1009 tua
347 944 444 1011 michi
472 947 505 1010 in
535 946 684 1011 omnibus
718 946 812 1010 rebus
828 925 930 1012 virtus
955 947 1128 1031 singularis
1152 967 1224 1029 per·

74 1047 211 1129 specta¹
246 1055 347 1130 esset,
374 1051 425 1115 rir
446 1051 698 1136 prestantissima
728 1057 960 1138 preceptorque
994 1051 1224 1130 colendissimo,

75 1153 187 1218 maiore
211 1155 358 1238 prolecto
386 1155 554 1221 verborum
588 1157 682 1239 copia
714 1157 864 1222 adversus
887 1161 1069 1243 tergerem
1094 1157 1226 1240 propter

76 1261 157 1322 tuam
180 1261 400 1326 omnimodam
424 1261 457 1326 in
483 1261 651 1327 scribendo
666 1263 918 1328 taciturnitatem
935 1266 967 1327 et
984 1260 1224 1346 negligentiam,

78 1363 274 1444 potissimum
299 1389 370 1432 cunr
395 1389 431 1433 eo
456 1372 619 1452 tempore,
649 1390 712 1454 quo
742 1389 851 1434 coram
874 1367 963 1452 loqui
989 1389 1026 1432 aa
1048 1367 1136 1432 viros
1159 1386 1224 1430 ser·

78 1487 178 1532 nones
200 1469 322 1536 habere
343 1471 490 1551 dabatur,
516 1495 566 1536 me
589 1472 695 1556 sepius
726 1473 871 1556 epistolis
902 1473 966 1538 tuis
989 1472 1119 1537 visitare
1142 1470 1224 1555 poli·

77 1573 213 1654 cebaris,
237 1581 289 1640 set
318 1598 374 1641 cur
397 1577 615 1641 intermissum
646 1582 702 1641 eut
729 1577 845 1662 quibus
866 1576 1029 1641 demeritis
1052 1576 1082 1640 id
1106 1575 1226 1640 lectum

79 1675 180 1756 fuerit,
203 1681 306 1746 miror
331 1681 612 1767 quamplurimum.
659 1679 782 1747 Tantus
815 1682 898 1746 enim
929 1702 1005 1766 ergo
1032 1687 1063 1746 te
1095 1679 1226 1745 affectus

78 1780 246 1866 singularis
264 1787 383 1866 existit,
410 1793 444 1852 ut
460 1787 504 1851 nil
519 1808 669 1871 euperem
682 1808 786 1872 agere,
802 1786 887 1873 quod
904 1786 1061 1851 voluntati
1078 1791 1132 1850 tue
1148 1806 1223 1850 con·

81 1888 205 1954 trarium
225 1897 319 1972 esset,
335 1914 392 1956 neo
407 1892 541 1957 eundem
556 1893 759 1957 immutatum
777 1915 845 1958 esse
861 1891 1020 1970 affectum,
1034 1910 1126 1976 quem
1142 1912 1223 1954 sem·

80 2011 131 2071 per
151 1993 188 2057 ad
212 1999 247 2060 te
269 1997 351 2080 gessi
377 2003 409 2062 et
435 2018 555 2081 geram,
579 1999 683 2083 quoad
706 1999 820 2064 vivam.
868 1995 1018 2082 Optatam
1043 1996 1225 2079 intelligere

81 2114 187 2176 posses,
211 2121 310 2185 quam
332 2121 406 2186 sepe
428 2102 460 2167 in
477 2107 583 2168 mente
606 2100 768 2168 revolvere
791 2101 908 2168 soleam
933 2108 1020 2167 tuam
1048 2121 1225 2186 personam,

80 2202 182 2279 procul
205 2205 306 2270 dubio
328 2206 457 2272 silentia
481 2228 644 2292 rumperes
668 2211 700 2271 et
723 2229 966 2293 nonnumquam
987 2207 1098 2271 literas
1120 2206 1158 2270 ad
1174 2228 1226 2270 me

83 2301 173 2382 dares,
196 2330 260 2393 que
283 2333 346 2375 non
369 2333 504 2395 pervum
535 2311 614 2376 mibi
638 2311 797 2390 solamen,
831 2333 893 2376 non
925 2333 1057 2396 parvam
1088 2310 1225 2394 denique

82 2409 269 2494 voluptatem
301 2416 463 2483 afferrent.
519 2415 721 2488 Percrebuit,
754 2417 969 2481 amentissime
1006 2415 1129 2494 fautor,
1163 2413 1226 2497 hijs

84 2511 182 2580 diebus
197 2517 261 2599 bic,
278 2520 481 2604 procbdolor,
497 2521 712 2586 lamentabilis
728 2543 813 2585 mors
828 2522 978 2607 omnique
993 2543 1115 2586 merore
1131 2520 1227 2605 plena

84 2621 165 2698 gnati
194 2625 244 2690 tui
280 2625 477 2692 dilectissimi
507 2625 608 2691 Ulriai
637 2625 735 2690 Rome
762 2626 847 2691 faeta
877 2627 947 2710 ipso
978 2627 1027 2690 die
1060 2626 1124 2691 divi
1153 2623 1223 2690 Viti

87 2719 159 2807 [juni
177 2728 245 2816 15],
262 2735 300 2795 ut
314 2731 418 2797 fertur
433 2729 456 2811 ¹,
480 2733 569 2797 euius
585 2752 669 2795 mors
686 2736 776 2797 tanto
798 2732 926 2817 gravior
941 2737 1037 2816 atque
1053 2731 1226 2797 luctuosior

85 2831 227 2914 magistro
243 2833 418 2901 Valentino
431 2835 453 2916 ⁵,
478 2837 575 2902 michi
599 2838 775 2922 ceterisque
801 2837 978 2903 fautoribus
1001 2837 1080 2916 fult,
1106 2842 1226 2922 quanto

85 2933 251 3006 uberiorem
285 2963 372 3027 spem
408 2965 446 3007 ex
485 2943 630 3008 maximis
664 2944 729 3007 eius
765 2943 939 3008 virtutibus
972 2962 1224 3025 conceperamus.

87 3035 217 3110 Fuerunt
249 3047 394 3132 profecto
428 3049 460 3112 iu
495 3050 566 3133 ipso
606 3049 719 3112 eximie
752 3049 849 3113 animi
883 3049 1089 3133 corporisque
1124 3047 1223 3125 dotes,

86 3163 196 3214 summa
227 3153 375 3218 videlicet
398 3155 592 3232 constantia,
616 3154 788 3239 singularis
811 3155 974 3230 modestia,
999 3174 1114 3238 magna
1137 3153 1223 3216 inte·

89 3251 179 3331 grite
203 3259 245 3336 et,
270 3258 354 3344 quod
371 3259 567 3325 rarissimum
585 3263 632 3324 est
646 3261 680 3323 iu
696 3259 818 3339 iuvene,
835 3259 943 3323 senilis
958 3257 1137 3341 prudentia,
1163 3278 1223 3342 que

88 3375 221 3441 magnam
251 3364 284 3427 in
318 3386 405 3449 spem
440 3371 569 3430 cunctos
593 3364 789 3429 adduxerant
812 3364 921 3428 future
945 3362 1166 3446 amplitudinis
1189 3384 1226 3426 ao

88 3457 242 3545 dignitatis
266 3489 330 3532 sue.
377 3469 419 3534 Et
441 3491 512 3534 cum
536 3469 575 3534 ad
596 3469 763 3533 caritatem
779 3475 947 3553 paternam
965 3469 1104 3534 animum
1121 3467 1225 3547 flecte,

88 3561 161 3631 baud
189 3570 321 3653 dubito,
351 3573 498 3638 lacrimas
521 3573 632 3657 plenas
664 3573 795 3636 meroris
827 3579 859 3636 et
882 3573 1052 3657 angustie,
1084 3569 1224 3635 dolorem

89 3673 298 3750 gmrissimum
332 3679 599 3762 lamentabileque
621 3677 791 3761 suspirium
824 3699 860 3741 ex
890 3677 1026 3741 eiusdem
1060 3677 1150 3760 gnati
1176 3675 1223 3740 tui

91 3771 194 3854 lnorte
208 3781 282 3870 tc]⁴
304 3785 477 3867 suscepisse
493 3805 530 3848 ac
546 3804 752 3866 sepenumero
768 3803 830 3846 non
854 3804 953 3865 parva
974 3781 1060 3846 allici
1083 3782 1224 3846 incomo-

92 3878 189 3962 ditate,
211 3893 243 3952 et
267 3909 331 3952 non
355 3891 396 3954 ab
419 3911 461 3953 re.
516 3888 676 3964 Arbitror,
701 3887 734 3950 iu
763 3885 822 3952 boc
851 3891 997 3952 naturam
1021 3887 1121 3971 ipsam
1146 3907 1223 3950 oon·

92 4002 247 4074 numquam
274 3993 337 4058 uim
369 4015 458 4058 suam
481 4014 639 4072 exercere,
672 4015 744 4057 cum
769 3999 800 4057 et
823 3993 880 4076 hij,
906 3993 960 4077 qui
985 3993 1094 4076 aliquo
1117 3991 1225 4056 dolore

93 4102 282 4177 premuntur,
315 4099 373 4162 etsi
397 4099 624 4183 sapientissimi
649 4107 744 4179 sunt,
776 4100 938 4184 ingentem
963 4104 1070 4163 tamen
1094 4102 1225 4180 propter

93 4191 217 4268 dolorem
247 4225 309 4269 nou
339 4203 560 4280 recordantur,
597 4225 695 4288 quos,
727 4205 755 4268 si
789 4205 946 4289 quispiane
976 4203 1026 4267 vel
1050 4203 1147 4267 verbo
1169 4209 1226 4268 aut

641 4335 660 4371 {¹

153 4409 163 4460 l
181 4410 238 4467 eod.
256 4415 414 4483 prospecte.
485 4413 502 4465 2
520 4411 617 4467 Demit
635 4413 746 4468 atimmt
765 4413 815 4468 der
833 4412 947 4479 cintrsg
965 4412 995 4464 in
1015 4429 1086 4482 agur.
1097 4413 1131 4468 98
1149 4413 1168 4466 f.
1181 4411 1225 4470 30.

94 4487 192 4552 3Eber.
260 4502 277 4554 4
296 4501 353 4554 Aur
371 4499 434 4556 dem
454 4503 547 4555 craten
566 4505 683 4571 concept
701 4503 829 4571 ergtnat.
