3002 5070
829 419 871 486 30

277 615 380 659 rerum
405 593 559 658 ariditate
580 593 751 659 adductum
774 596 966 673 intueretur,
999 595 1114 660 nedum
1126 595 1256 674 coleret,
1279 597 1421 680 diligeret

274 721 409 784 eumque
433 699 545 764 honori
580 699 726 778 haberet,
762 702 815 765 sed
839 705 872 765 et
894 701 1033 766 aeternis
1057 701 1205 766 laudibus
1228 702 1421 767 extolleret?

274 802 358 869 Nam
380 827 439 889 per
454 803 552 869 Italas
577 806 680 884 urbes,
710 807 761 871 vir
783 807 1036 891 spectatissime,
1060 807 1166 872 studia
1188 807 1358 872 literarum
1380 809 1423 872 in·

274 909 438 994 vestigaati
456 910 476 988 ¹,
511 932 591 994 quae
615 916 753 974 mentem
777 917 906 988 acuunt,
930 912 1070 976 animum
1094 910 1294 990 clarificant,
1326 913 1421 976 homi·

273 1035 343 1078 nem
378 1014 590 1079 immortalem
630 1014 774 1079 reddunt.
833 1013 937 1099 Esque
971 1015 1115 1079 imitatus
1149 1016 1424 1082 excellentissimos

273 1120 428 1206 quosdam
451 1120 574 1204 priscos
596 1120 682 1184 viros
705 1141 741 1184 ac
764 1142 844 1205 pene
866 1122 1000 1199 divinos,
1025 1122 1079 1206 qui
1101 1125 1138 1185 ut
1160 1121 1421 1204 perfectissimam

272 1225 440 1292 scienciam
463 1224 595 1308 adipisci
618 1230 759 1309 possent,
784 1229 925 1290 exterres
938 1225 973 1311 (l)
992 1233 1094 1290 terras
1117 1227 1201 1308 vagi,
1225 1233 1263 1292 ut
1285 1249 1356 1292 enm
1378 1249 1423 1290 as-

273 1335 490 1416 sequerentur,
514 1335 748 1413 peragrarunt,
772 1353 788 1396 e
812 1353 946 1416 quorum
970 1332 1108 1396 maxima
1131 1333 1226 1396 turbs
1249 1331 1423 1416 Pytagoras

273 1437 357 1501 inter
381 1433 645 1519 philosophorum
670 1435 798 1499 nomina
822 1435 1046 1500 celeberrimus
1068 1437 1205 1502 senobis
1227 1437 1325 1503 offert
1336 1487 1424 1504 .....

360 1540 420 1606 Sed
443 1539 550 1606 omnia
574 1539 653 1604 milri
676 1539 892 1605 consideranti
922 1539 1123 1606 studiorum*
1157 1563 1285 1626 genera,
1309 1544 1422 1628 quibus

275 1646 411 1710 maxime
434 1649 605 1711 exornatus
630 1666 672 1724 es,
696 1644 779 1709 nibil
802 1645 952 1724 nobilius,
975 1645 1056 1710 nihil
1082 1648 1185 1712 maius
1200 1649 1330 1712 videtur
1356 1653 1424 1712 tuae

273 1750 482 1817 excellenciae
514 1749 650 1815 attribui
685 1771 797 1834 posse,
827 1773 922 1835 quam
957 1752 1040 1837 qnod
1075 1752 1300 1838 philosophiae
1335 1755 1423 1818 effec-

272 1863 351 1938 tum,
373 1858 405 1922 id
433 1863 483 1923 est
512 1857 700 1922 medicinam
724 1857 840 1941 ipsam,
872 1879 953 1942 quae
981 1861 1030 1922 est
1051 1879 1114 1936 ars,
1139 1881 1202 1944 qua
1229 1880 1301 1936 nos,
1329 1859 1425 1924 idest

271 1983 384 2046 eorpus
410 1963 603 2039 humanum,
629 1962 708 2027 bene
736 1961 883 2026 effectum
913 1963 1080 2041 reddatm',
1112 1969 1251 2044 sanetur,
1281 1985 1423 2048 praeser-

271 2074 385 2148 vetur,
409 2071 570 2154 tamqnam
604 2067 794 2151 peculiarem
833 2067 966 2132 fundum
1008 2089 1133 2152 semper
1166 2069 1293 2133 coluisti
1330 2075 1422 2156 atque

273 2175 405 2254 ornasti,
430 2179 648 2259 quantumque
671 2195 743 2238 cum
766 2195 803 2238 ea
829 2179 899 2238 arte
922 2180 991 2238 tum
1013 2175 1150 2258 singulis
1174 2181 1243 2239 tum
1266 2176 1421 2240 universis

271 2280 439 2365 profueris,
464 2278 581 2344 multos
604 2281 700 2342 testes
723 2278 877 2343 adducere
900 2299 1033 2362 possem,
1057 2280 1083 2343 si
1107 2301 1169 2344 nou
1202 2303 1349 2358 vererer,
1375 2303 1422 2346 me

272 2386 480 2450 deventurum
502 2384 535 2447 in
558 2384 673 2450 vicium
698 2384 902 2469 prolixitatis.
948 2383 1215 2460 Quemadmodum
1244 2388 1330 2452 enim
1354 2388 1423 2471 phi·

269 2490 414 2575 losophia
436 2491 507 2575 ipsa
529 2489 707 2556 animorum
743 2511 822 2574 quos
844 2495 936 2554 sanet
958 2490 1085 2556 morbos
1108 2491 1208 2570 tollit,
1231 2491 1278 2556 ita
1302 2499 1335 2556 et
1359 2515 1420 2558 me·

271 2597 376 2662 diuina
408 2596 595 2681 corporibus
626 2597 713 2680 ipsis,
743 2617 879 2680 quorum
913 2597 1110 2661 curationem
1132 2597 1324 2682 profitetur,
1360 2620 1421 2682 qua

271 2702 415 2767 utilitate
436 2703 482 2766 nil
505 2721 580 2766 sane
603 2701 642 2764 ad
666 2701 764 2764 vitam
788 2701 988 2785 salutemque
1015 2701 1178 2766 bominum
1203 2704 1421 2785 praestancius

270 2807 512 2892 eleganeinsque
535 2806 669 2871 inveniri
691 2810 798 2890 potest
809 2855 971 2872 ........
998 2807 1068 2884 Quo
1091 2828 1129 2872 ex
1145 2807 1260 2872 merito
1276 2813 1309 2871 et
1325 2808 1421 2891 prisci

269 2912 319 2977 illi
343 2913 454 2978 medici
477 2913 519 2976 ob
541 2932 650 2977 eorum
674 2912 891 2977 admirandam
909 2913 1083 2978 utilitatem
1106 2914 1285 2978 iudeorum
1309 2935 1419 2978 nume·

269 3041 338 3082 rum
362 3020 503 3084 omnium
526 3039 680 3083 corrsensu
702 3019 847 3083 collocati
870 3024 963 3096 sunt,
996 3018 1232 3102 persuadeoqne
1259 3018 1342 3082 mibi
1366 3019 1420 3082 lir-

269 3126 382 3205 miter,
412 3127 462 3188 vir
493 3123 625 3203 eximie,
656 3124 739 3208 quod
769 3145 889 3202 omnes,
912 3124 967 3208 qui
991 3124 1165 3188 medicinae
1198 3124 1366 3188 scienciam
1389 3145 1420 3186 se

268 3239 377 3296 tenere
400 3230 609 3316 profitentur,
643 3251 796 3316 magnum
819 3231 976 3314 quoddam
999 3251 1036 3294 ac
1058 3227 1224 3312 singulare
1246 3229 1419 3294 artificium

267 3344 517 3421 praeponantur,
540 3337 656 3421 quibus
689 3342 739 3400 tot
761 3335 869 3410 herbe,
894 3335 1027 3420 lapides,
1049 3336 1187 3415 arbores,
1211 3334 1355 3399 volucres
1378 3369 1423 3382 -

268 3442 344 3525 quid
359 3441 488 3526 singula
502 3443 679 3526 percurro?
694 3475 731 3486 -
745 3439 878 3520 coelum,
891 3461 955 3520 aar,
968 3441 1077 3515 maria,
1094 3445 1179 3505 terre
1194 3439 1420 3524 cognoscende,

267 3546 407 3611 subiecte
440 3551 523 3612 sunt.
568 3543 647 3611 Jure
669 3545 771 3630 igitur
788 3544 948 3610 Homerus
980 3551 1067 3609 vetes
1096 3545 1351 3630 sapientissimus
1373 3545 1420 3610 ita

267 3653 422 3717 medicum
447 3652 571 3730 extulit,
596 3673 677 3736 quae
692 3650 777 3716 bunc
797 3652 830 3715 in
851 3651 977 3716 modum
995 3651 1093 3715 latine
1109 3651 1168 3715 tibi
1185 3671 1316 3734 possum
1338 3651 1419 3716 scri·

267 3759 359 3824 bere:
381 3757 460 3822 »Vir
475 3759 614 3824 medicus
630 3758 756 3843 praecio
771 3757 888 3822 multos
904 3754 1104 3842 equaritltl.‹
1124 3755 1166 3819 Hi
1179 3778 1293 3840 nempe
1304 3757 1337 3820 in
1351 3779 1421 3842 per·

266 3864 433 3930 suadendis
449 3865 591 3948 corporis
607 3864 832 3942 lunationibus,
856 3864 1069 3928 membrorum
1086 3861 1317 3942 execcionibus,
1343 3883 1419 3928 eon·

266 3971 404 4036 solandis
438 3971 567 4056 egrotis,
597 3972 637 4035 ud
665 3992 753 4054 apem
777 3969 996 4048 sublevandis,
1034 3966 1196 4034 doloribus
1221 3965 1420 4046 tollerandis,

265 4078 423 4142 mortibus
446 4075 686 4142 contemnendis
711 4074 914 4160 reperiuntur
936 4073 1122 4158 peritissimi
1147 4073 1419 4156 eloquentissimi-

267 4181 465 4269 que...Sed
499 4181 659 4267 reliquum
682 4185 740 4260 est,
772 4185 809 4244 nt
839 4201 952 4263 parum
976 4179 1079 4245 dicam
1112 4181 1151 4244 de
1183 4183 1239 4242 tua
1260 4179 1418 4264 singulari

265 4287 457 4374 egregiaque
479 4288 609 4366 virtute,
633 4309 706 4351 nem
729 4285 892 4370 preteribo
903 4285 1092 4351 suavissima
1109 4285 1275 4351 literarum
1298 4285 1418 4362 studia,
1485 4327 1486 4360 ,

337 4461 402 4515 lln
420 4459 520 4516 Padua
537 4478 557 4514 s.
577 4478 603 4516 o.
622 4477 663 4514 nr.
684 4459 710 4514 1.
815 4393 909 4514 2*cod.
941 4458 1114 4514 stustiornm.
1165 4459 1222 4514 Das
1239 4455 1362 4530 richtige
1389 4458 1418 4514 in

265 4549 315 4606 der
332 4549 475 4608 absehriit.
