<?xml version="1.0" encoding="UTF-8"?>
<!DOCTYPE html PUBLIC "-//W3C//DTD XHTML 1.0 Transitional//EN"
    "http://www.w3.org/TR/xhtml1/DTD/xhtml1-transitional.dtd">
<html xmlns="http://www.w3.org/1999/xhtml" xml:lang="en" lang="en">
 <head>
  <title>
</title>
<meta http-equiv="Content-Type" content="text/html;charset=utf-8" />
  <meta name='ocr-system' content='tesseract 3.04.00' />
  <meta name='ocr-capabilities' content='ocr_page ocr_carea ocr_par ocr_line ocrx_word'/>
</head>
<body>
  <div class='ocr_page' id='page_1' title='image "./hermannschedels00schegoog_0042.png"; bbox 0 0 3002 5070; ppageno 0'>
   <div class='ocr_carea' id='block_1_1' title="bbox 819 400 862 466">
    <p class='ocr_par' dir='ltr' id='par_1_1' title="bbox 819 400 862 466">
     <span class='ocr_line' id='line_1_1' title="bbox 819 400 862 466; baseline 0.07 -3"><span class='ocrx_word' id='word_1_1' title='bbox 819 400 862 466; x_wconf 81' lang='grc'>26</span> 
     </span>
    </p>
   </div>
   <div class='ocr_carea' id='block_1_2' title="bbox 256 575 1486 4246">
    <p class='ocr_par' dir='ltr' id='par_1_2' title="bbox 260 575 1413 2138">
     <span class='ocr_line' id='line_1_2' title="bbox 264 575 1412 667; baseline 0 -21"><span class='ocrx_word' id='word_1_2' title='bbox 264 581 384 648; x_wconf 89' lang='lat' dir='ltr'>honore</span> <span class='ocrx_word' id='word_1_3' title='bbox 414 603 471 648; x_wconf 91' lang='lat' dir='ltr'>nec</span> <span class='ocrx_word' id='word_1_4' title='bbox 494 581 527 643; x_wconf 92' lang='lat' dir='ltr'>in</span> <span class='ocrx_word' id='word_1_5' title='bbox 562 576 742 642; x_wconf 81' lang='lat' dir='ltr'>reverencia</span> <span class='ocrx_word' id='word_1_6' title='bbox 773 575 892 642; x_wconf 87' lang='lat' dir='ltr'>habere</span> <span class='ocrx_word' id='word_1_7' title='bbox 923 576 1078 644; x_wconf 89' lang='lat' dir='ltr'>videmur.</span> <span class='ocrx_word' id='word_1_8' title='bbox 1134 576 1236 644; x_wconf 81' lang='lat' dir='ltr'>Credo</span> <span class='ocrx_word' id='word_1_9' title='bbox 1270 581 1412 667; x_wconf 84' lang='lat' dir='ltr'>equidem</span> 
     </span>
     <span class='ocr_line' id='line_1_3' title="bbox 263 678 1412 767; baseline 0.002 -17"><span class='ocrx_word' id='word_1_10' title='bbox 263 685 382 750; x_wconf 83' lang='lat' dir='ltr'>multos</span> <span class='ocrx_word' id='word_1_11' title='bbox 400 705 521 750; x_wconf 84' lang='lat' dir='ltr'>cesares</span> <span class='ocrx_word' id='word_1_12' title='bbox 543 679 663 746; x_wconf 76' lang='lat' dir='ltr'>similes</span> <span class='ocrx_word' id='word_1_13' title='bbox 679 678 799 747; x_wconf 86' lang='lat' dir='ltr'>Neroni</span> <span class='ocrx_word' id='word_1_14' title='bbox 816 701 891 762; x_wconf 88' lang='lat' dir='ltr'>esse,</span> <span class='ocrx_word' id='word_1_15' title='bbox 914 681 1003 746; x_wconf 89' lang='lat' dir='ltr'>cuius</span> <span class='ocrx_word' id='word_1_16' title='bbox 1020 685 1220 767; x_wconf 78' lang='lat' dir='ltr'>temporibus</span> <span class='ocrx_word' id='word_1_17' title='bbox 1242 706 1368 754; x_wconf 87' lang='lat' dir='ltr'>summo</span> <span class='ocrx_word' id='word_1_18' title='bbox 1384 688 1412 752; x_wconf 92' lang='lat' dir='ltr'>in</span> 
     </span>
     <span class='ocr_line' id='line_1_4' title="bbox 261 786 1412 873; baseline 0.001 -16"><span class='ocrx_word' id='word_1_19' title='bbox 261 793 334 857; x_wconf 93' lang='lat' dir='ltr'>odio</span> <span class='ocrx_word' id='word_1_20' title='bbox 356 813 420 857; x_wconf 90' lang='lat' dir='ltr'>non</span> <span class='ocrx_word' id='word_1_21' title='bbox 442 790 545 856; x_wconf 90' lang='lat' dir='ltr'>solum</span> <span class='ocrx_word' id='word_1_22' title='bbox 562 792 655 852; x_wconf 88' lang='lat' dir='ltr'>crant</span> <span class='ocrx_word' id='word_1_23' title='bbox 677 786 772 864; x_wconf 88' lang='lat' dir='ltr'>docti,</span> <span class='ocrx_word' id='word_1_24' title='bbox 789 809 897 873; x_wconf 83' lang='lat' dir='ltr'>ymmo</span> <span class='ocrx_word' id='word_1_25' title='bbox 929 794 962 851; x_wconf 91' lang='lat' dir='ltr'>et</span> <span class='ocrx_word' id='word_1_26' title='bbox 985 787 1195 868; x_wconf 72' lang='lat' dir='ltr'>habebantur,</span> <span class='ocrx_word' id='word_1_27' title='bbox 1218 790 1303 858; x_wconf 84' lang='lat' dir='ltr'>sicut</span> <span class='ocrx_word' id='word_1_28' title='bbox 1317 790 1412 858; x_wconf 87' lang='lat' dir='ltr'>Juve-</span> 
     </span>
     <span class='ocr_line' id='line_1_5' title="bbox 263 889 1411 982; baseline -0.002 -20"><span class='ocrx_word' id='word_1_29' title='bbox 263 897 345 962; x_wconf 87' lang='lat' dir='ltr'>nalis</span> <span class='ocrx_word' id='word_1_30' title='bbox 360 901 485 982; x_wconf 82' lang='lat' dir='ltr'>satyrus</span> <span class='ocrx_word' id='word_1_31' title='bbox 500 898 654 960; x_wconf 89' lang='lat' dir='ltr'>testatur:</span> <span class='ocrx_word' id='word_1_32' title='bbox 679 889 884 956; x_wconf 79' lang='lat' dir='ltr'>»Mendicant</span> <span class='ocrx_word' id='word_1_33' title='bbox 895 897 989 971; x_wconf 89' lang='lat' dir='ltr'>artes,</span> <span class='ocrx_word' id='word_1_34' title='bbox 1004 893 1050 958; x_wconf 91' lang='lat' dir='ltr'>sic</span> <span class='ocrx_word' id='word_1_35' title='bbox 1065 892 1167 958; x_wconf 88' lang='lat' dir='ltr'>Roma</span> <span class='ocrx_word' id='word_1_36' title='bbox 1182 895 1290 981; x_wconf 81' lang='lat' dir='ltr'>coegit</span> <span class='ocrx_word' id='word_1_37' title='bbox 1308 919 1411 976; x_wconf 87' lang='lat' dir='ltr'>avara,</span> 
     </span>
     <span class='ocr_line' id='line_1_6' title="bbox 263 996 1412 1087; baseline -0.001 -20"><span class='ocrx_word' id='word_1_38' title='bbox 263 1008 296 1068; x_wconf 89' lang='lat' dir='ltr'>et</span> <span class='ocrx_word' id='word_1_39' title='bbox 317 1023 390 1087; x_wconf 88' lang='lat' dir='ltr'>spes</span> <span class='ocrx_word' id='word_1_40' title='bbox 412 1005 444 1066; x_wconf 90' lang='lat' dir='ltr'>ct</span> <span class='ocrx_word' id='word_1_41' title='bbox 466 1001 552 1065; x_wconf 89' lang='lat' dir='ltr'>racio</span> <span class='ocrx_word' id='word_1_42' title='bbox 576 996 753 1062; x_wconf 89' lang='lat' dir='ltr'>studiorum</span> <span class='ocrx_word' id='word_1_43' title='bbox 777 997 810 1060; x_wconf 91' lang='lat' dir='ltr'>in</span> <span class='ocrx_word' id='word_1_44' title='bbox 827 1018 932 1062; x_wconf 88' lang='lat' dir='ltr'>cesara</span> <span class='ocrx_word' id='word_1_45' title='bbox 955 1003 1090 1062; x_wconf 87' lang='lat' dir='ltr'>tantum.</span> <span class='ocrx_word' id='word_1_46' title='bbox 1137 997 1229 1065; x_wconf 87' lang='lat' dir='ltr'>Solus</span> <span class='ocrx_word' id='word_1_47' title='bbox 1254 1002 1341 1066; x_wconf 87' lang='lat' dir='ltr'>enim</span> <span class='ocrx_word' id='word_1_48' title='bbox 1358 1003 1412 1068; x_wconf 92' lang='lat' dir='ltr'>tri·</span> 
     </span>
     <span class='ocr_line' id='line_1_7' title="bbox 263 1103 1413 1192; baseline 0 -20"><span class='ocrx_word' id='word_1_49' title='bbox 263 1114 327 1173; x_wconf 86' lang='lat' dir='ltr'>stes</span> <span class='ocrx_word' id='word_1_50' title='bbox 343 1107 403 1173; x_wconf 90' lang='lat' dir='ltr'>hac</span> <span class='ocrx_word' id='word_1_51' title='bbox 418 1108 608 1190; x_wconf 87' lang='lat' dir='ltr'>tempestate</span> <span class='ocrx_word' id='word_1_52' title='bbox 622 1123 768 1168; x_wconf 88' lang='lat' dir='ltr'>camenas</span> <span class='ocrx_word' id='word_1_53' title='bbox 783 1103 933 1187; x_wconf 86' lang='lat' dir='ltr'>respexit,</span> <span class='ocrx_word' id='word_1_54' title='bbox 956 1125 1027 1168; x_wconf 92' lang='lat' dir='ltr'>cnm</span> <span class='ocrx_word' id='word_1_55' title='bbox 1048 1103 1111 1169; x_wconf 87' lang='lat' dir='ltr'>iam</span> <span class='ocrx_word' id='word_1_56' title='bbox 1127 1105 1196 1170; x_wconf 90' lang='lat' dir='ltr'>noti</span> <span class='ocrx_word' id='word_1_57' title='bbox 1212 1105 1413 1192; x_wconf 87' lang='lat' dir='ltr'>celebresque</span> 
     </span>
     <span class='ocr_line' id='line_1_8' title="bbox 262 1206 1412 1298; baseline -0.001 -19"><span class='ocrx_word' id='word_1_58' title='bbox 262 1217 355 1298; x_wconf 89' lang='lat' dir='ltr'>poete</span> <span class='ocrx_word' id='word_1_59' title='bbox 371 1210 553 1278; x_wconf 69' lang='lat' dir='ltr'>baldemum</span> <span class='ocrx_word' id='word_1_60' title='bbox 570 1206 702 1292; x_wconf 84' lang='lat' dir='ltr'>Gabijs,</span> <span class='ocrx_word' id='word_1_61' title='bbox 721 1207 819 1272; x_wconf 86' lang='lat' dir='ltr'>Rome</span> <span class='ocrx_word' id='word_1_62' title='bbox 835 1209 1008 1274; x_wconf 80' lang='lat' dir='ltr'>conducere</span> <span class='ocrx_word' id='word_1_63' title='bbox 1031 1209 1141 1276; x_wconf 80' lang='lat' dir='ltr'>furnos</span> <span class='ocrx_word' id='word_1_64' title='bbox 1159 1217 1334 1290; x_wconf 86' lang='lat' dir='ltr'>tentarent,</span> <span class='ocrx_word' id='word_1_65' title='bbox 1358 1235 1412 1278; x_wconf 88' lang='lat' dir='ltr'>nec</span> 
     </span>
     <span class='ocr_line' id='line_1_9' title="bbox 261 1315 1413 1401; baseline 0 -17"><span class='ocrx_word' id='word_1_66' title='bbox 261 1319 369 1384; x_wconf 88' lang='lat' dir='ltr'>fedum</span> <span class='ocrx_word' id='word_1_67' title='bbox 403 1317 457 1401; x_wconf 87' lang='lat' dir='ltr'>alij</span> <span class='ocrx_word' id='word_1_68' title='bbox 493 1336 552 1381; x_wconf 90' lang='lat' dir='ltr'>nec</span> <span class='ocrx_word' id='word_1_69' title='bbox 574 1320 668 1397; x_wconf 88' lang='lat' dir='ltr'>turpe</span> <span class='ocrx_word' id='word_1_70' title='bbox 700 1318 870 1398; x_wconf 91' lang='lat' dir='ltr'>putarent,</span> <span class='ocrx_word' id='word_1_71' title='bbox 902 1335 1053 1398; x_wconf 81' lang='lat' dir='ltr'>precones</span> <span class='ocrx_word' id='word_1_72' title='bbox 1075 1315 1145 1381; x_wconf 89' lang='lat' dir='ltr'>fieri</span> <span class='ocrx_word' id='word_1_73' title='bbox 1168 1322 1247 1382; x_wconf 79' lang='lat' dir='ltr'>etc«</span> <span class='ocrx_word' id='word_1_74' title='bbox 1265 1319 1286 1383; x_wconf 88' lang='lat'>¹.</span> <span class='ocrx_word' id='word_1_75' title='bbox 1355 1318 1413 1394; x_wconf 82' lang='lat' dir='ltr'>Qui</span> 
     </span>
     <span class='ocr_line' id='line_1_10' title="bbox 261 1419 1413 1504; baseline 0 -16"><span class='ocrx_word' id='word_1_76' title='bbox 261 1443 370 1488; x_wconf 87' lang='lat' dir='ltr'>versus</span> <span class='ocrx_word' id='word_1_77' title='bbox 406 1421 589 1504; x_wconf 89' lang='lat' dir='ltr'>intelligere</span> <span class='ocrx_word' id='word_1_78' title='bbox 627 1419 758 1499; x_wconf 89' lang='lat' dir='ltr'>volunt,</span> <span class='ocrx_word' id='word_1_79' title='bbox 802 1420 910 1485; x_wconf 84' lang='lat' dir='ltr'>duobos</span> <span class='ocrx_word' id='word_1_80' title='bbox 948 1420 1091 1485; x_wconf 86' lang='lat' dir='ltr'>homines</span> <span class='ocrx_word' id='word_1_81' title='bbox 1129 1421 1175 1486; x_wconf 85' lang='lat' dir='ltr'>ita</span> <span class='ocrx_word' id='word_1_82' title='bbox 1211 1423 1413 1490; x_wconf 84' lang='lat' dir='ltr'>vehementer</span> 
     </span>
     <span class='ocr_line' id='line_1_11' title="bbox 261 1525 1412 1610; baseline 0.001 -16"><span class='ocrx_word' id='word_1_83' title='bbox 261 1529 358 1594; x_wconf 89' lang='lat' dir='ltr'>fuisse</span> <span class='ocrx_word' id='word_1_84' title='bbox 380 1531 578 1610; x_wconf 88' lang='lat' dir='ltr'>contemptos</span> <span class='ocrx_word' id='word_1_85' title='bbox 607 1531 639 1590; x_wconf 89' lang='lat' dir='ltr'>et</span> <span class='ocrx_word' id='word_1_86' title='bbox 661 1529 802 1610; x_wconf 86' lang='lat' dir='ltr'>spretos,</span> <span class='ocrx_word' id='word_1_87' title='bbox 825 1530 861 1590; x_wconf 91' lang='lat' dir='ltr'>ut</span> <span class='ocrx_word' id='word_1_88' title='bbox 892 1525 991 1591; x_wconf 86' lang='lat' dir='ltr'>eciam</span> <span class='ocrx_word' id='word_1_89' title='bbox 1023 1525 1177 1591; x_wconf 85' lang='lat' dir='ltr'>vilissima</span> <span class='ocrx_word' id='word_1_90' title='bbox 1206 1527 1313 1595; x_wconf 80' lang='lat' dir='ltr'>officia</span> <span class='ocrx_word' id='word_1_91' title='bbox 1339 1551 1412 1598; x_wconf 89' lang='lat' dir='ltr'>ocn-</span> 
     </span>
     <span class='ocr_line' id='line_1_12' title="bbox 261 1627 1413 1719; baseline -0.002 -19"><span class='ocrx_word' id='word_1_92' title='bbox 261 1634 351 1719; x_wconf 89' lang='lat' dir='ltr'>sequi</span> <span class='ocrx_word' id='word_1_93' title='bbox 370 1633 501 1699; x_wconf 88' lang='lat' dir='ltr'>minime</span> <span class='ocrx_word' id='word_1_94' title='bbox 516 1632 710 1697; x_wconf 86' lang='lat' dir='ltr'>dubitarent.</span> <span class='ocrx_word' id='word_1_95' title='bbox 756 1627 824 1702; x_wconf 79' lang='lat' dir='ltr'>Qus</span> <span class='ocrx_word' id='word_1_96' title='bbox 839 1650 908 1694; x_wconf 94' lang='lat' dir='ltr'>cum</span> <span class='ocrx_word' id='word_1_97' title='bbox 926 1629 1047 1694; x_wconf 87' lang='lat' dir='ltr'>videret</span> <span class='ocrx_word' id='word_1_98' title='bbox 1069 1627 1234 1696; x_wconf 88' lang='lat' dir='ltr'>Juvenalis</span> <span class='ocrx_word' id='word_1_99' title='bbox 1255 1633 1308 1698; x_wconf 94' lang='lat' dir='ltr'>vir</span> <span class='ocrx_word' id='word_1_100' title='bbox 1330 1636 1413 1718; x_wconf 90' lang='lat' dir='ltr'>peri·</span> 
     </span>
     <span class='ocr_line' id='line_1_13' title="bbox 262 1732 1412 1822; baseline 0 -18"><span class='ocrx_word' id='word_1_101' title='bbox 262 1739 403 1805; x_wconf 76' lang='lat' dir='ltr'>tissimus</span> <span class='ocrx_word' id='word_1_102' title='bbox 418 1737 543 1822; x_wconf 88' lang='lat' dir='ltr'>inquit:</span> <span class='ocrx_word' id='word_1_103' title='bbox 563 1733 718 1818; x_wconf 61' lang='lat' dir='ltr'>»Frange</span> <span class='ocrx_word' id='word_1_104' title='bbox 730 1732 835 1810; x_wconf 91' lang='lat' dir='ltr'>miser,</span> <span class='ocrx_word' id='word_1_105' title='bbox 852 1732 991 1798; x_wconf 87' lang='lat' dir='ltr'>calamos</span> <span class='ocrx_word' id='word_1_106' title='bbox 1006 1733 1202 1821; x_wconf 83' lang='lat' dir='ltr'>vigilataque</span> <span class='ocrx_word' id='word_1_107' title='bbox 1213 1738 1318 1820; x_wconf 89' lang='lat' dir='ltr'>prelia</span> <span class='ocrx_word' id='word_1_108' title='bbox 1333 1739 1412 1818; x_wconf 89' lang='lat' dir='ltr'>dele,</span> 
     </span>
     <span class='ocr_line' id='line_1_14' title="bbox 264 1839 1411 1930; baseline 0.001 -21"><span class='ocrx_word' id='word_1_109' title='bbox 264 1844 319 1930; x_wconf 88' lang='lat' dir='ltr'>qui</span> <span class='ocrx_word' id='word_1_110' title='bbox 342 1843 420 1910; x_wconf 82' lang='lat' dir='ltr'>facis</span> <span class='ocrx_word' id='word_1_111' title='bbox 443 1843 476 1907; x_wconf 91' lang='lat' dir='ltr'>in</span> <span class='ocrx_word' id='word_1_112' title='bbox 500 1863 598 1927; x_wconf 88' lang='lat' dir='ltr'>parva</span> <span class='ocrx_word' id='word_1_113' title='bbox 620 1839 770 1905; x_wconf 88' lang='lat' dir='ltr'>sublimia</span> <span class='ocrx_word' id='word_1_114' title='bbox 785 1839 927 1904; x_wconf 86' lang='lat' dir='ltr'>carmina</span> <span class='ocrx_word' id='word_1_115' title='bbox 948 1839 1038 1906; x_wconf 90' lang='lat' dir='ltr'>cella.</span> <span class='ocrx_word' id='word_1_116' title='bbox 1070 1839 1149 1926; x_wconf 86' lang='lat' dir='ltr'>Spes</span> <span class='ocrx_word' id='word_1_117' title='bbox 1165 1844 1255 1910; x_wconf 89' lang='lat' dir='ltr'>nulla</span> <span class='ocrx_word' id='word_1_118' title='bbox 1269 1844 1411 1924; x_wconf 75' lang='lat' dir='ltr'>ulterior,</span> 
     </span>
     <span class='ocr_line' id='line_1_15' title="bbox 262 1944 1413 2024; baseline -0.001 -7"><span class='ocrx_word' id='word_1_119' title='bbox 262 1949 375 2017; x_wconf 90' lang='lat' dir='ltr'>didicit</span> <span class='ocrx_word' id='word_1_120' title='bbox 397 1952 459 2016; x_wconf 89' lang='lat' dir='ltr'>iam</span> <span class='ocrx_word' id='word_1_121' title='bbox 485 1948 570 2012; x_wconf 86' lang='lat' dir='ltr'>dives</span> <span class='ocrx_word' id='word_1_122' title='bbox 592 1965 716 2021; x_wconf 89' lang='lat' dir='ltr'>avarus,</span> <span class='ocrx_word' id='word_1_123' title='bbox 742 1949 866 2008; x_wconf 88' lang='lat' dir='ltr'>tantum</span> <span class='ocrx_word' id='word_1_124' title='bbox 884 1944 1048 2024; x_wconf 84' lang='lat' dir='ltr'>admirari,</span> <span class='ocrx_word' id='word_1_125' title='bbox 1072 1949 1199 2013; x_wconf 84' lang='lat' dir='ltr'>tantum</span> <span class='ocrx_word' id='word_1_126' title='bbox 1216 1949 1348 2016; x_wconf 82' lang='lat' dir='ltr'>laudere</span> <span class='ocrx_word' id='word_1_127' title='bbox 1368 1950 1413 2016; x_wconf 92' lang='lat' dir='ltr'>di·</span> 
     </span>
     <span class='ocr_line' id='line_1_16' title="bbox 260 2045 1010 2138; baseline -0.008 -18"><span class='ocrx_word' id='word_1_128' title='bbox 260 2061 371 2134; x_wconf 87' lang='lat' dir='ltr'>sertos,</span> <span class='ocrx_word' id='word_1_129' title='bbox 396 2059 433 2120; x_wconf 92' lang='lat' dir='ltr'>ut</span> <span class='ocrx_word' id='word_1_130' title='bbox 456 2052 546 2138; x_wconf 89' lang='lat' dir='ltr'>pueri</span> <span class='ocrx_word' id='word_1_131' title='bbox 567 2049 706 2116; x_wconf 89' lang='lat' dir='ltr'>Jnnonis</span> <span class='ocrx_word' id='word_1_132' title='bbox 728 2071 815 2114; x_wconf 88' lang='lat' dir='ltr'>avem</span> <span class='ocrx_word' id='word_1_133' title='bbox 828 2045 860 2108; x_wconf 74' lang='grc' dir='ltr'><strong><em>ἰ</em></strong></span> <span class='ocrx_word' id='word_1_134' title='bbox 876 2098 1010 2114; x_wconf 91' lang='grc'><strong>.......</strong></span> 
     </span>
    </p>

    <p class='ocr_par' dir='ltr' id='par_1_3' title="bbox 256 2155 1486 4246">
     <span class='ocr_line' id='line_1_17' title="bbox 348 2155 1412 2245; baseline 0.002 -21"><span class='ocrx_word' id='word_1_135' title='bbox 348 2158 478 2238; x_wconf 91' lang='lat' dir='ltr'>Verum,</span> <span class='ocrx_word' id='word_1_136' title='bbox 502 2158 546 2220; x_wconf 91' lang='lat' dir='ltr'>mi</span> <span class='ocrx_word' id='word_1_137' title='bbox 562 2155 769 2242; x_wconf 83' lang='lat' dir='ltr'>Hyeronime,</span> <span class='ocrx_word' id='word_1_138' title='bbox 793 2175 854 2240; x_wconf 90' lang='lat' dir='ltr'>ego</span> <span class='ocrx_word' id='word_1_139' title='bbox 868 2155 1002 2220; x_wconf 85' lang='lat' dir='ltr'>liberius</span> <span class='ocrx_word' id='word_1_140' title='bbox 1018 2157 1179 2244; x_wconf 86' lang='lat' dir='ltr'>altiusque</span> <span class='ocrx_word' id='word_1_141' title='bbox 1201 2160 1235 2224; x_wconf 91' lang='lat' dir='ltr'>in</span> <span class='ocrx_word' id='word_1_142' title='bbox 1260 2160 1324 2245; x_wconf 90' lang='lat' dir='ltr'>hijs</span> <span class='ocrx_word' id='word_1_143' title='bbox 1335 2164 1412 2228; x_wconf 89' lang='lat' dir='ltr'>scri-</span> 
     </span>
     <span class='ocr_line' id='line_1_18' title="bbox 260 2261 1414 2348; baseline 0.002 -17"><span class='ocrx_word' id='word_1_144' title='bbox 260 2266 371 2331; x_wconf 91' lang='lat' dir='ltr'>bendis</span> <span class='ocrx_word' id='word_1_145' title='bbox 393 2263 540 2348; x_wconf 83' lang='lat' dir='ltr'>processi,</span> <span class='ocrx_word' id='word_1_146' title='bbox 563 2284 658 2348; x_wconf 87' lang='lat' dir='ltr'>qnam</span> <span class='ocrx_word' id='word_1_147' title='bbox 681 2261 837 2346; x_wconf 89' lang='lat' dir='ltr'>optimum</span> <span class='ocrx_word' id='word_1_148' title='bbox 857 2263 891 2326; x_wconf 92' lang='lat' dir='ltr'>et</span> <span class='ocrx_word' id='word_1_149' title='bbox 906 2266 1153 2329; x_wconf 86' lang='lat' dir='ltr'>consentaneum</span> <span class='ocrx_word' id='word_1_150' title='bbox 1176 2266 1249 2344; x_wconf 82' lang='lat' dir='ltr'>fuit,</span> <span class='ocrx_word' id='word_1_151' title='bbox 1272 2267 1349 2332; x_wconf 88' lang='lat' dir='ltr'>dum</span> <span class='ocrx_word' id='word_1_152' title='bbox 1366 2291 1414 2333; x_wconf 89' lang='lat' dir='ltr'>me</span> 
     </span>
     <span class='ocr_line' id='line_1_19' title="bbox 261 2367 1413 2453; baseline 0.002 -17"><span class='ocrx_word' id='word_1_153' title='bbox 261 2371 356 2436; x_wconf 89' lang='lat' dir='ltr'>huius</span> <span class='ocrx_word' id='word_1_154' title='bbox 379 2370 475 2436; x_wconf 86' lang='lat' dir='ltr'>etatis</span> <span class='ocrx_word' id='word_1_155' title='bbox 497 2390 619 2434; x_wconf 89' lang='lat' dir='ltr'>moruru</span> <span class='ocrx_word' id='word_1_156' title='bbox 643 2368 735 2452; x_wconf 90' lang='lat' dir='ltr'>piget</span> <span class='ocrx_word' id='word_1_157' title='bbox 757 2367 924 2451; x_wconf 88' lang='lat' dir='ltr'>tedetque,</span> <span class='ocrx_word' id='word_1_158' title='bbox 955 2367 1064 2453; x_wconf 84' lang='lat' dir='ltr'>itaque</span> <span class='ocrx_word' id='word_1_159' title='bbox 1088 2391 1137 2434; x_wconf 93' lang='lat' dir='ltr'>me</span> <span class='ocrx_word' id='word_1_160' title='bbox 1159 2391 1271 2436; x_wconf 89' lang='lat' dir='ltr'>revoco</span> <span class='ocrx_word' id='word_1_161' title='bbox 1295 2375 1329 2438; x_wconf 92' lang='lat' dir='ltr'>et</span> <span class='ocrx_word' id='word_1_162' title='bbox 1353 2374 1413 2438; x_wconf 89' lang='lat' dir='ltr'>mei</span> 
     </span>
     <span class='ocr_line' id='line_1_20' title="bbox 261 2469 1414 2560; baseline 0.003 -20"><span class='ocrx_word' id='word_1_163' title='bbox 261 2475 358 2540; x_wconf 92' lang='lat' dir='ltr'>animi</span> <span class='ocrx_word' id='word_1_164' title='bbox 381 2474 579 2560; x_wconf 89' lang='lat' dir='ltr'>propositum</span> <span class='ocrx_word' id='word_1_165' title='bbox 605 2473 751 2537; x_wconf 85' lang='lat' dir='ltr'>scribam.</span> <span class='ocrx_word' id='word_1_166' title='bbox 798 2469 915 2536; x_wconf 90' lang='lat' dir='ltr'>Mirum</span> <span class='ocrx_word' id='word_1_167' title='bbox 940 2476 1046 2537; x_wconf 86' lang='lat' dir='ltr'>autem</span> <span class='ocrx_word' id='word_1_168' title='bbox 1070 2473 1103 2538; x_wconf 92' lang='lat' dir='ltr'>in</span> <span class='ocrx_word' id='word_1_169' title='bbox 1128 2475 1253 2540; x_wconf 89' lang='lat' dir='ltr'>modum</span> <span class='ocrx_word' id='word_1_170' title='bbox 1278 2481 1334 2542; x_wconf 89' lang='lat' dir='ltr'>tua</span> <span class='ocrx_word' id='word_1_171' title='bbox 1358 2477 1414 2542; x_wconf 89' lang='lat' dir='ltr'>illa</span> 
     </span>
     <span class='ocr_line' id='line_1_21' title="bbox 259 2576 1412 2662; baseline 0.003 -16"><span class='ocrx_word' id='word_1_172' title='bbox 259 2581 433 2646; x_wconf 88' lang='lat' dir='ltr'>delectatus</span> <span class='ocrx_word' id='word_1_173' title='bbox 467 2601 536 2644; x_wconf 87' lang='lat' dir='ltr'>sum</span> <span class='ocrx_word' id='word_1_174' title='bbox 567 2576 722 2662; x_wconf 85' lang='lat' dir='ltr'>epistula,</span> <span class='ocrx_word' id='word_1_175' title='bbox 757 2597 819 2661; x_wconf 90' lang='lat' dir='ltr'>que</span> <span class='ocrx_word' id='word_1_176' title='bbox 853 2581 917 2642; x_wconf 86' lang='lat' dir='ltr'>tam</span> <span class='ocrx_word' id='word_1_177' title='bbox 950 2583 1116 2659; x_wconf 88' lang='lat' dir='ltr'>accurate,</span> <span class='ocrx_word' id='word_1_178' title='bbox 1138 2585 1260 2659; x_wconf 90' lang='lat' dir='ltr'>ornate,</span> <span class='ocrx_word' id='word_1_179' title='bbox 1285 2583 1412 2662; x_wconf 90' lang='lat' dir='ltr'>diserte,</span> 
     </span>
     <span class='ocr_line' id='line_1_22' title="bbox 259 2680 1484 2770; baseline 0.005 -21"><span class='ocrx_word' id='word_1_180' title='bbox 259 2686 400 2751; x_wconf 84' lang='lat' dir='ltr'>suaviter</span> <span class='ocrx_word' id='word_1_181' title='bbox 428 2684 609 2767; x_wconf 89' lang='lat' dir='ltr'>conscripta</span> <span class='ocrx_word' id='word_1_182' title='bbox 645 2680 829 2746; x_wconf 84' lang='lat' dir='ltr'>Ciceronem</span> <span class='ocrx_word' id='word_1_183' title='bbox 861 2682 947 2767; x_wconf 86' lang='lat' dir='ltr'>sapit</span> <span class='ocrx_word' id='word_1_184' title='bbox 970 2687 1066 2768; x_wconf 91' lang='lat' dir='ltr'>atque</span> <span class='ocrx_word' id='word_1_185' title='bbox 1093 2686 1263 2770; x_wconf 84' lang='lat' dir='ltr'>exprimit,</span> <span class='ocrx_word' id='word_1_186' title='bbox 1285 2693 1324 2753; x_wconf 90' lang='lat' dir='ltr'>ut</span> <span class='ocrx_word' id='word_1_187' title='bbox 1351 2690 1412 2755; x_wconf 88' lang='lat' dir='ltr'>sliu</span> <span class='ocrx_word' id='word_1_188' title='bbox 1483 2689 1484 2696; x_wconf 65' lang='lat'><em>&#39;</em></span> 
     </span>
     <span class='ocr_line' id='line_1_23' title="bbox 260 2786 1411 2876; baseline 0.005 -22"><span class='ocrx_word' id='word_1_189' title='bbox 260 2793 380 2876; x_wconf 85' lang='lat' dir='ltr'>natc(!)</span> <span class='ocrx_word' id='word_1_190' title='bbox 402 2789 508 2856; x_wconf 87' lang='lat' dir='ltr'>seculo</span> <span class='ocrx_word' id='word_1_191' title='bbox 533 2789 601 2853; x_wconf 89' lang='lat' dir='ltr'>iure</span> <span class='ocrx_word' id='word_1_192' title='bbox 634 2787 733 2853; x_wconf 90' lang='lat' dir='ltr'>videri</span> <span class='ocrx_word' id='word_1_193' title='bbox 756 2787 868 2870; x_wconf 87' lang='lat' dir='ltr'>possit.</span> <span class='ocrx_word' id='word_1_194' title='bbox 915 2786 999 2853; x_wconf 89' lang='lat' dir='ltr'>Nam</span> <span class='ocrx_word' id='word_1_195' title='bbox 1026 2791 1109 2874; x_wconf 89' lang='lat' dir='ltr'>quod</span> <span class='ocrx_word' id='word_1_196' title='bbox 1133 2790 1218 2858; x_wconf 91' lang='lat' dir='ltr'>hisce</span> <span class='ocrx_word' id='word_1_197' title='bbox 1243 2794 1411 2862; x_wconf 88' lang='lat' dir='ltr'>literarum</span> 
     </span>
     <span class='ocr_line' id='line_1_24' title="bbox 258 2881 1486 2981; baseline 0.004 -21"><span class='ocrx_word' id='word_1_198' title='bbox 258 2896 372 2981; x_wconf 89' lang='lat' dir='ltr'>studijs</span> <span class='ocrx_word' id='word_1_199' title='bbox 404 2901 437 2961; x_wconf 89' lang='lat' dir='ltr'>et</span> <span class='ocrx_word' id='word_1_200' title='bbox 459 2894 669 2960; x_wconf 83' lang='lat' dir='ltr'>humanitatis</span> <span class='ocrx_word' id='word_1_201' title='bbox 701 2893 823 2958; x_wconf 88' lang='lat' dir='ltr'>artibus</span> <span class='ocrx_word' id='word_1_202' title='bbox 852 2893 976 2959; x_wconf 88' lang='lat' dir='ltr'>deditus</span> <span class='ocrx_word' id='word_1_203' title='bbox 998 2895 1056 2976; x_wconf 89' lang='lat' dir='ltr'>sis,</span> <span class='ocrx_word' id='word_1_204' title='bbox 1080 2896 1130 2961; x_wconf 89' lang='lat' dir='ltr'>vir</span> <span class='ocrx_word' id='word_1_205' title='bbox 1152 2897 1283 2981; x_wconf 87' lang='lat' dir='ltr'>optime,</span> <span class='ocrx_word' id='word_1_206' title='bbox 1306 2903 1409 2965; x_wconf 84' lang='lat' dir='ltr'>lotum</span> <span class='ocrx_word' id='word_1_207' title='bbox 1485 2881 1486 2950; x_wconf 54' lang='grc' dir='ltr'><strong>Ῠ</strong></span> 
     </span>
     <span class='ocr_line' id='line_1_25' title="bbox 260 2997 1409 3086; baseline 0.003 -20"><span class='ocrx_word' id='word_1_208' title='bbox 260 3007 351 3066; x_wconf 90' lang='lat' dir='ltr'>tuum</span> <span class='ocrx_word' id='word_1_209' title='bbox 374 3005 477 3066; x_wconf 86' lang='lat' dir='ltr'>estet</span> <span class='ocrx_word' id='word_1_210' title='bbox 500 2997 669 3084; x_wconf 84' lang='lat' dir='ltr'>peculiaris</span> <span class='ocrx_word' id='word_1_211' title='bbox 700 3003 748 3064; x_wconf 88' lang='lat' dir='ltr'>est</span> <span class='ocrx_word' id='word_1_212' title='bbox 770 3000 1023 3079; x_wconf 88' lang='lat' dir='ltr'>commendacio,</span> <span class='ocrx_word' id='word_1_213' title='bbox 1054 3002 1115 3067; x_wconf 93' lang='lat' dir='ltr'>hoc</span> <span class='ocrx_word' id='word_1_214' title='bbox 1136 3003 1304 3086; x_wconf 88' lang='lat' dir='ltr'>presertim</span> <span class='ocrx_word' id='word_1_215' title='bbox 1329 3009 1409 3071; x_wconf 90' lang='lat' dir='ltr'>tem·</span> 
     </span>
     <span class='ocr_line' id='line_1_26' title="bbox 258 3102 1410 3191; baseline 0.005 -21"><span class='ocrx_word' id='word_1_216' title='bbox 258 3126 347 3190; x_wconf 90' lang='lat' dir='ltr'>pore,</span> <span class='ocrx_word' id='word_1_217' title='bbox 371 3126 446 3190; x_wconf 89' lang='lat' dir='ltr'>quo,</span> <span class='ocrx_word' id='word_1_218' title='bbox 469 3109 506 3168; x_wconf 89' lang='lat' dir='ltr'>ut</span> <span class='ocrx_word' id='word_1_219' title='bbox 527 3102 776 3187; x_wconf 91' lang='lat' dir='ltr'>suprascripsi,</span> <span class='ocrx_word' id='word_1_220' title='bbox 809 3108 873 3168; x_wconf 92' lang='lat' dir='ltr'>tam</span> <span class='ocrx_word' id='word_1_221' title='bbox 900 3103 1044 3189; x_wconf 83' lang='lat' dir='ltr'>religiosi</span> <span class='ocrx_word' id='word_1_222' title='bbox 1068 3129 1163 3191; x_wconf 89' lang='lat' dir='ltr'>quam</span> <span class='ocrx_word' id='word_1_223' title='bbox 1186 3108 1344 3176; x_wconf 85' lang='lat' dir='ltr'>seculares</span> <span class='ocrx_word' id='word_1_224' title='bbox 1368 3112 1410 3176; x_wconf 83' lang='lat' dir='ltr'>ila</span> 
     </span>
     <span class='ocr_line' id='line_1_27' title="bbox 258 3209 1410 3297; baseline 0.004 -22"><span class='ocrx_word' id='word_1_225' title='bbox 258 3210 436 3295; x_wconf 82' lang='lat' dir='ltr'>despicatus</span> <span class='ocrx_word' id='word_1_226' title='bbox 466 3209 588 3275; x_wconf 85' lang='lat' dir='ltr'>habent</span> <span class='ocrx_word' id='word_1_227' title='bbox 615 3209 752 3288; x_wconf 85' lang='lat' dir='ltr'>litteras,</span> <span class='ocrx_word' id='word_1_228' title='bbox 782 3214 819 3274; x_wconf 89' lang='lat' dir='ltr'>ut</span> <span class='ocrx_word' id='word_1_229' title='bbox 848 3231 900 3274; x_wconf 90' lang='lat' dir='ltr'>eas</span> <span class='ocrx_word' id='word_1_230' title='bbox 932 3211 1035 3276; x_wconf 88' lang='lat' dir='ltr'>dicere</span> <span class='ocrx_word' id='word_1_231' title='bbox 1070 3214 1188 3297; x_wconf 84' lang='lat' dir='ltr'>pudeat</span> <span class='ocrx_word' id='word_1_232' title='bbox 1210 3221 1243 3280; x_wconf 88' lang='lat' dir='ltr'>et</span> <span class='ocrx_word' id='word_1_233' title='bbox 1266 3215 1410 3282; x_wconf 89' lang='lat' dir='ltr'>dedecori</span> 
     </span>
     <span class='ocr_line' id='line_1_28' title="bbox 257 3315 1410 3400; baseline 0.006 -20"><span class='ocrx_word' id='word_1_234' title='bbox 257 3316 318 3381; x_wconf 90' lang='lat' dir='ltr'>sibi</span> <span class='ocrx_word' id='word_1_235' title='bbox 335 3321 451 3400; x_wconf 87' lang='lat' dir='ltr'>putant</span> <span class='ocrx_word' id='word_1_236' title='bbox 459 3315 505 3398; x_wconf 74' lang='lat'>(1),</span> <span class='ocrx_word' id='word_1_237' title='bbox 529 3337 721 3399; x_wconf 88' lang='lat' dir='ltr'>quamquam</span> <span class='ocrx_word' id='word_1_238' title='bbox 738 3337 796 3398; x_wconf 88' lang='lat' dir='ltr'>par</span> <span class='ocrx_word' id='word_1_239' title='bbox 812 3316 882 3398; x_wconf 88' lang='lat' dir='ltr'>pari</span> <span class='ocrx_word' id='word_1_240' title='bbox 899 3315 1065 3382; x_wconf 83' lang='lat' dir='ltr'>referatur.</span> <span class='ocrx_word' id='word_1_241' title='bbox 1106 3316 1167 3394; x_wconf 88' lang='lat' dir='ltr'>Qui</span> <span class='ocrx_word' id='word_1_242' title='bbox 1184 3319 1268 3385; x_wconf 89' lang='lat' dir='ltr'>anim</span> <span class='ocrx_word' id='word_1_243' title='bbox 1285 3320 1410 3387; x_wconf 83' lang='lat' dir='ltr'>litteras</span> 
     </span>
     <span class='ocr_line' id='line_1_29' title="bbox 257 3420 1411 3512; baseline 0.003 -25"><span class='ocrx_word' id='word_1_244' title='bbox 257 3425 498 3505; x_wconf 88' lang='lat' dir='ltr'>contempnunt,</span> <span class='ocrx_word' id='word_1_245' title='bbox 511 3421 573 3504; x_wconf 90' lang='lat' dir='ltr'>ipsi</span> <span class='ocrx_word' id='word_1_246' title='bbox 586 3424 619 3483; x_wconf 90' lang='lat' dir='ltr'>et</span> <span class='ocrx_word' id='word_1_247' title='bbox 634 3442 653 3484; x_wconf 88' lang='lat' dir='ltr'>a</span> <span class='ocrx_word' id='word_1_248' title='bbox 668 3420 786 3485; x_wconf 88' lang='lat' dir='ltr'>litteris</span> <span class='ocrx_word' id='word_1_249' title='bbox 797 3425 1067 3504; x_wconf 87' lang='lat' dir='ltr'>contempnuntur</span> <span class='ocrx_word' id='word_1_250' title='bbox 1088 3423 1122 3510; x_wconf 85' lang='lat' dir='ltr'>[f.</span> <span class='ocrx_word' id='word_1_251' title='bbox 1139 3423 1227 3512; x_wconf 59' lang='lat'>301}</span> <span class='ocrx_word' id='word_1_252' title='bbox 1251 3425 1297 3492; x_wconf 82' lang='lat' dir='ltr'>&#39;Pe</span> <span class='ocrx_word' id='word_1_253' title='bbox 1311 3427 1411 3512; x_wconf 89' lang='lat' dir='ltr'>igitur</span> 
     </span>
     <span class='ocr_line' id='line_1_30' title="bbox 258 3525 1411 3610; baseline 0.008 -20"><span class='ocrx_word' id='word_1_254' title='bbox 258 3527 302 3590; x_wconf 90' lang='lat' dir='ltr'>mi</span> <span class='ocrx_word' id='word_1_255' title='bbox 317 3525 522 3610; x_wconf 79' lang='lat' dir='ltr'>Hyaronime,</span> <span class='ocrx_word' id='word_1_256' title='bbox 546 3547 604 3609; x_wconf 91' lang='lat' dir='ltr'>pro</span> <span class='ocrx_word' id='word_1_257' title='bbox 628 3547 698 3591; x_wconf 88' lang='lat' dir='ltr'>mea</span> <span class='ocrx_word' id='word_1_258' title='bbox 725 3527 758 3590; x_wconf 91' lang='lat' dir='ltr'>in</span> <span class='ocrx_word' id='word_1_259' title='bbox 783 3530 816 3590; x_wconf 87' lang='lat' dir='ltr'>te</span> <span class='ocrx_word' id='word_1_260' title='bbox 839 3528 1061 3594; x_wconf 82' lang='lat' dir='ltr'>benevolencia</span> <span class='ocrx_word' id='word_1_261' title='bbox 1087 3530 1191 3608; x_wconf 86' lang='lat' dir='ltr'>laudo,</span> <span class='ocrx_word' id='word_1_262' title='bbox 1215 3531 1357 3599; x_wconf 87' lang='lat' dir='ltr'>admiror</span> <span class='ocrx_word' id='word_1_263' title='bbox 1379 3541 1411 3598; x_wconf 94' lang='lat' dir='ltr'>et</span> 
     </span>
     <span class='ocr_line' id='line_1_31' title="bbox 257 3629 1410 3716; baseline 0.004 -19"><span class='ocrx_word' id='word_1_264' title='bbox 257 3634 290 3697; x_wconf 93' lang='lat' dir='ltr'>in</span> <span class='ocrx_word' id='word_1_265' title='bbox 314 3631 416 3698; x_wconf 88' lang='lat' dir='ltr'>celum</span> <span class='ocrx_word' id='word_1_266' title='bbox 440 3629 570 3709; x_wconf 84' lang='lat' dir='ltr'>extollo,</span> <span class='ocrx_word' id='word_1_267' title='bbox 596 3632 680 3716; x_wconf 93' lang='lat' dir='ltr'>quod</span> <span class='ocrx_word' id='word_1_268' title='bbox 704 3631 803 3696; x_wconf 84' lang='lat' dir='ltr'>eciem</span> <span class='ocrx_word' id='word_1_269' title='bbox 826 3631 860 3696; x_wconf 89' lang='lat' dir='ltr'>in</span> <span class='ocrx_word' id='word_1_270' title='bbox 885 3637 976 3698; x_wconf 88' lang='lat' dir='ltr'>tanta</span> <span class='ocrx_word' id='word_1_271' title='bbox 997 3634 1224 3700; x_wconf 87' lang='lat' dir='ltr'>adversitatum</span> <span class='ocrx_word' id='word_1_272' title='bbox 1241 3635 1410 3704; x_wconf 84' lang='lat' dir='ltr'>affluencia</span> 
     </span>
     <span class='ocr_line' id='line_1_32' title="bbox 257 3736 1408 3822; baseline 0.005 -20"><span class='ocrx_word' id='word_1_273' title='bbox 257 3737 538 3802; x_wconf 87' lang='lat' dir='ltr'>excellentissimos</span> <span class='ocrx_word' id='word_1_274' title='bbox 561 3741 594 3803; x_wconf 92' lang='lat' dir='ltr'>et</span> <span class='ocrx_word' id='word_1_275' title='bbox 609 3737 642 3800; x_wconf 91' lang='lat' dir='ltr'>in</span> <span class='ocrx_word' id='word_1_276' title='bbox 659 3737 745 3802; x_wconf 91' lang='lat' dir='ltr'>omni</span> <span class='ocrx_word' id='word_1_277' title='bbox 763 3736 867 3802; x_wconf 89' lang='lat' dir='ltr'>laudis</span> <span class='ocrx_word' id='word_1_278' title='bbox 882 3759 998 3822; x_wconf 84' lang='lat' dir='ltr'>genere</span> <span class='ocrx_word' id='word_1_279' title='bbox 1016 3740 1184 3822; x_wconf 86' lang='lat' dir='ltr'>primarios</span> <span class='ocrx_word' id='word_1_280' title='bbox 1200 3747 1328 3808; x_wconf 87' lang='lat' dir='ltr'>nostros</span> <span class='ocrx_word' id='word_1_281' title='bbox 1343 3765 1408 3808; x_wconf 91' lang='lat' dir='ltr'>ma·</span> 
     </span>
     <span class='ocr_line' id='line_1_33' title="bbox 257 3842 1409 3929; baseline 0.005 -22"><span class='ocrx_word' id='word_1_282' title='bbox 257 3843 339 3908; x_wconf 90' lang='lat' dir='ltr'>iores</span> <span class='ocrx_word' id='word_1_283' title='bbox 370 3842 507 3907; x_wconf 89' lang='lat' dir='ltr'>imitaris</span> <span class='ocrx_word' id='word_1_284' title='bbox 542 3847 574 3907; x_wconf 89' lang='lat' dir='ltr'>et</span> <span class='ocrx_word' id='word_1_285' title='bbox 603 3847 717 3926; x_wconf 91' lang='lat' dir='ltr'>sponte</span> <span class='ocrx_word' id='word_1_286' title='bbox 747 3849 802 3907; x_wconf 89' lang='lat' dir='ltr'>tua</span> <span class='ocrx_word' id='word_1_287' title='bbox 834 3843 971 3929; x_wconf 89' lang='lat' dir='ltr'>vestigia</span> <span class='ocrx_word' id='word_1_288' title='bbox 1008 3850 1113 3926; x_wconf 89' lang='lat' dir='ltr'>tenes,</span> <span class='ocrx_word' id='word_1_289' title='bbox 1146 3851 1181 3912; x_wconf 92' lang='lat' dir='ltr'>ut</span> <span class='ocrx_word' id='word_1_290' title='bbox 1215 3849 1323 3913; x_wconf 89' lang='lat' dir='ltr'>studia</span> <span class='ocrx_word' id='word_1_291' title='bbox 1356 3849 1409 3914; x_wconf 89' lang='lat' dir='ltr'>lit-</span> 
     </span>
     <span class='ocr_line' id='line_1_34' title="bbox 257 3946 1408 4028; baseline 0.004 -15"><span class='ocrx_word' id='word_1_292' title='bbox 257 3953 397 4014; x_wconf 88' lang='lat' dir='ltr'>terarum</span> <span class='ocrx_word' id='word_1_293' title='bbox 432 3946 579 4028; x_wconf 86' lang='lat' dir='ltr'>haurias,</span> <span class='ocrx_word' id='word_1_294' title='bbox 631 3948 778 4014; x_wconf 90' lang='lat' dir='ltr'>liberales</span> <span class='ocrx_word' id='word_1_295' title='bbox 831 3953 915 4014; x_wconf 82' lang='lat' dir='ltr'>artes</span> <span class='ocrx_word' id='word_1_296' title='bbox 949 3971 1094 4015; x_wconf 88' lang='lat' dir='ltr'>exerceas</span> <span class='ocrx_word' id='word_1_297' title='bbox 1129 3957 1162 4016; x_wconf 92' lang='lat' dir='ltr'>et</span> <span class='ocrx_word' id='word_1_298' title='bbox 1196 3953 1408 4020; x_wconf 83' lang='lat' dir='ltr'>immortalem</span> 
     </span>
     <span class='ocr_line' id='line_1_35' title="bbox 256 4053 1405 4142; baseline 0.006 -25"><span class='ocrx_word' id='word_1_299' title='bbox 256 4053 316 4118; x_wconf 89' lang='lat' dir='ltr'>tibi</span> <span class='ocrx_word' id='word_1_300' title='bbox 351 4054 488 4138; x_wconf 85' lang='lat' dir='ltr'>gloriam</span> <span class='ocrx_word' id='word_1_301' title='bbox 514 4077 685 4138; x_wconf 86' lang='lat' dir='ltr'>compares,</span> <span class='ocrx_word' id='word_1_302' title='bbox 710 4076 773 4138; x_wconf 90' lang='lat' dir='ltr'>qua</span> <span class='ocrx_word' id='word_1_303' title='bbox 800 4059 832 4118; x_wconf 93' lang='lat' dir='ltr'>et</span> <span class='ocrx_word' id='word_1_304' title='bbox 859 4055 949 4119; x_wconf 91' lang='lat' dir='ltr'>vivus</span> <span class='ocrx_word' id='word_1_305' title='bbox 972 4055 1089 4121; x_wconf 82' lang='lat' dir='ltr'>fruaris</span> <span class='ocrx_word' id='word_1_306' title='bbox 1118 4062 1150 4122; x_wconf 86' lang='lat' dir='ltr'>et</span> <span class='ocrx_word' id='word_1_307' title='bbox 1177 4061 1405 4142; x_wconf 89' lang='lat' dir='ltr'>postmortem</span> 
     </span>
     <span class='ocr_line' id='line_1_36' title="bbox 256 4157 1404 4246; baseline 0.005 -22"><span class='ocrx_word' id='word_1_308' title='bbox 256 4159 343 4224; x_wconf 84' lang='lat' dir='ltr'>vivas</span> <span class='ocrx_word' id='word_1_309' title='bbox 368 4207 629 4226; x_wconf 92' lang='grc'><strong>........</strong></span> <span class='ocrx_word' id='word_1_310' title='bbox 655 4157 756 4246; x_wconf 86' lang='lat' dir='ltr'>[folgt</span> <span class='ocrx_word' id='word_1_311' title='bbox 789 4161 872 4225; x_wconf 82' lang='lat' dir='ltr'>danlr</span> <span class='ocrx_word' id='word_1_312' title='bbox 905 4160 957 4226; x_wconf 83' lang='lat' dir='ltr'>lllr</span> <span class='ocrx_word' id='word_1_313' title='bbox 991 4162 1051 4227; x_wconf 89' lang='lat' dir='ltr'>den</span> <span class='ocrx_word' id='word_1_314' title='bbox 1077 4162 1307 4246; x_wconf 80' lang='lat' dir='ltr'>glttclxwunscb</span> <span class='ocrx_word' id='word_1_315' title='bbox 1342 4165 1404 4230; x_wconf 91' lang='lat' dir='ltr'>und</span> 
     </span>
    </p>
   </div>
   <div class='ocr_carea' id='block_1_3' title="bbox 823 4321 841 4360">
    <p class='ocr_par' dir='ltr' id='par_1_4' title="bbox 823 4321 841 4360">
     <span class='ocr_line' id='line_1_37' title="bbox 823 4321 841 4360; baseline 0 -9"><span class='ocrx_word' id='word_1_316' title='bbox 823 4321 841 4360; x_wconf 63' lang='lat' dir='ltr'>a</span> 
     </span>
    </p>
   </div>
   <div class='ocr_carea' id='block_1_4' title="bbox 258 4399 1406 4550">
    <p class='ocr_par' dir='ltr' id='par_1_5' title="bbox 258 4399 1406 4550">
     <span class='ocr_line' id='line_1_38' title="bbox 329 4399 1406 4476; baseline 0.006 -23"><span class='ocrx_word' id='word_1_317' title='bbox 329 4401 341 4454; x_wconf 95' lang='lat' dir='ltr'>l</span> <span class='ocrx_word' id='word_1_318' title='bbox 361 4399 473 4457; x_wconf 87' lang='lat' dir='ltr'>Satirae</span> <span class='ocrx_word' id='word_1_319' title='bbox 483 4401 544 4467; x_wconf 87' lang='lat' dir='ltr'>Vll,</span> <span class='ocrx_word' id='word_1_320' title='bbox 556 4404 638 4469; x_wconf 81' lang='lat'><strong>1-6;</strong></span> <span class='ocrx_word' id='word_1_321' title='bbox 657 4401 710 4456; x_wconf 87' lang='lat' dir='ltr'>den</span> <span class='ocrx_word' id='word_1_322' title='bbox 726 4405 747 4459; x_wconf 93' lang='lat' dir='ltr'>l.</span> <span class='ocrx_word' id='word_1_323' title='bbox 759 4420 820 4458; x_wconf 88' lang='lat' dir='ltr'>vers</span> <span class='ocrx_word' id='word_1_324' title='bbox 839 4403 905 4462; x_wconf 79' lang='lat' dir='ltr'>lieet</span> <span class='ocrx_word' id='word_1_325' title='bbox 913 4403 1002 4459; x_wconf 83' lang='lat' dir='ltr'>dahas</span> <span class='ocrx_word' id='word_1_326' title='bbox 1011 4405 1135 4476; x_wconf 83' lang='lat' dir='ltr'>ausgabe</span> <span class='ocrx_word' id='word_1_327' title='bbox 1147 4405 1233 4462; x_wconf 88' lang='lat' dir='ltr'>nicht.</span> <span class='ocrx_word' id='word_1_328' title='bbox 1312 4407 1330 4462; x_wconf 77' lang='lat'>‘2</span> <span class='ocrx_word' id='word_1_329' title='bbox 1350 4407 1368 4460; x_wconf 90' lang='lat' dir='ltr'>l.</span> <span class='ocrx_word' id='word_1_330' title='bbox 1384 4421 1406 4462; x_wconf 93' lang='lat' dir='ltr'>c.</span> 
     </span>
     <span class='ocr_line' id='line_1_39' title="bbox 258 4488 421 4550; baseline 0.049 -10"><span class='ocrx_word' id='word_1_331' title='bbox 258 4489 288 4546; x_wconf 87' lang='lat' dir='ltr'>V.</span> <span class='ocrx_word' id='word_1_332' title='bbox 308 4488 421 4550; x_wconf 77' lang='lat' dir='ltr'>eo-el.</span> 
     </span>
    </p>
   </div>
   <div class='ocr_carea' id='block_1_5' title="bbox 187 4756 275 4812">
    <p class='ocr_par' dir='ltr' id='par_1_6' title="bbox 187 4756 275 4812">
     <span class='ocr_line' id='line_1_40' title="bbox 187 4756 275 4812; baseline 0 0"><span class='ocrx_word' id='word_1_333' title='bbox 187 4756 275 4812; x_wconf 59' lang='grc' dir='ltr'>ἱ</span> 
     </span>
    </p>
   </div>
   <div class='ocr_carea' id='block_1_6' title="bbox 0 0 1506 5064">
    <p class='ocr_par' dir='ltr' id='par_1_7' title="bbox 0 0 1506 5064">
     <span class='ocr_line' id='line_1_41' title="bbox 0 0 1506 5064; baseline 0 0"><span class='ocrx_word' id='word_1_334' title='bbox 0 0 1506 5064; x_wconf 95' lang='lat' dir='ltr'> </span> 
     </span>
    </p>
   </div>
  </div>
 </body>
</html>
