3002 5070
848 402 890 466 82

286 604 357 665 que,
381 605 442 668 que
466 583 628 649 hominem
651 583 827 646 virtutibus
851 582 971 648 elerum
989 578 1132 648 'reddere
1155 589 1304 667 possunt,
1328 607 1424 648 ornere

284 688 374 767 velie,
397 694 435 754 ut
457 693 491 754 et
513 689 720 754 fundamento
738 690 820 753 bono
835 689 993 774 requisito
1010 688 1042 752 in
1059 688 1163 754 virum
1179 689 1298 754 bouum
1321 695 1353 754 et
1366 689 1423 754 luu-

284 793 424 860 debilem
447 794 578 860 erodere
605 794 715 879 poesie.
761 793 883 870 Quibus
914 797 1020 859 eutem
1048 795 1203 860 doctrinis
1236 801 1310 878 post
1336 797 1423 876 magi·

288 900 421 964 sterium
445 904 479 964 te
501 901 576 964 dere
599 899 762 983 proponis,
787 899 918 963 metuis
940 899 1069 983 eoriptie
1085 900 1256 985 aliquando
1272 901 1423 966 oeroioreri

283 1005 363 1068 velie
377 1005 493 1072 obnixe
509 1018 596 1089 rogo.
621 1002 694 1068 Non
711 1003 833 1084 dubito,
850 1005 927 1090 quin
944 1007 974 1070 d.
990 1004 1160 1072 duotorJo.
1178 1008 1216 1072 de
1227 1004 1425 1095 Rnt[isbonu]‚

289 1113 350 1177 tibi
372 1113 602 1178 sincerissimus
617 1110 736 1176 amiens
751 1115 789 1176 ut
803 1131 907 1194 spero,
923 1112 957 1176 iu
973 1111 1045 1195 hijs,
1069 1133 1131 1198 que
1146 1117 1236 1177 tuum
1254 1133 1425 1180 ooneernere

285 1223 420 1301 possunt
442 1223 627 1303 proveetum
651 1222 683 1281 et
706 1216 877 1294 honorem,
913 1217 1070 1283 sollicitus
1093 1218 1173 1298 erit,
1196 1220 1235 1284 ed
1260 1241 1353 1303 quem
1374 1240 1424 1282 mn

284 1343 374 1387 eeoue
407 1345 503 1408 quarn
535 1323 574 1387 nd
607 1325 732 1406 petrem
764 1327 796 1386 te
818 1324 851 1386 in
874 1323 1011 1408 singulis
1044 1323 1221 1408 dirigendis
1245 1324 1424 1398 transmitto,

290 1449 386 1513 quem
409 1429 508 1494 eciem
531 1449 657 1513 sempor
680 1430 815 1493 revereri
840 1435 877 1492 ut
891 1428 980 1505 velie,
1004 1429 1145 1494 fraterne
1159 1435 1192 1492 te
1208 1428 1330 1507 hortor,
1351 1429 1426 1512 eique

285 1533 437 1599 honorem
460 1555 523 1600 nou
540 1532 701 1618 exiguum,
724 1535 828 1617 quoad
846 1535 935 1614 vivis,
951 1533 1100 1600 exbibete
1116 1555 1177 1598 nou
1202 1534 1339 1614 decium,
1360 1555 1423 1618 quo·

285 1640 372 1704 niam
397 1639 494 1718 ultre,
517 1661 611 1724 quem
636 1639 734 1718 decet,
759 1639 932 1705 virtutibus
946 1643 979 1703 te
994 1639 1059 1704 suis
1074 1639 1202 1724 seriptis
1224 1639 1376 1705 extollere
1388 1639 1425 1702 le·

285 1745 386 1810 boret.
433 1743 514 1809 Vide
536 1765 630 1828 ergo,
663 1765 702 1809 ne
729 1746 762 1809 iu
793 1767 911 1810 venum
943 1745 1002 1810 hoo
1033 1745 1074 1810 ob
1100 1766 1138 1810 eo
1161 1766 1276 1809 munus
1300 1745 1425 1828 neoipere

285 1851 453 1929 merearis,
483 1853 533 1914 eet
556 1849 627 1933 plue
658 1854 691 1912 te
714 1849 745 1914 id
769 1848 919 1933 generale
940 1850 1077 1914 oratorie
1109 1851 1227 1915 dictum
1252 1852 1423 1918 confirmet:

290 1955 450 2021 »Virtutis
473 1957 558 2021 enim
580 1956 650 2020 lene
664 1956 769 2020 omnis
791 1956 824 2019 in
840 1955 968 2020 eooione
984 1955 1162 2020 consistit«
1211 1955 1425 2020 Adulesceneie

288 2082 365 2145 ergo
390 2065 446 2126 tun
468 2083 532 2128 non
555 2061 725 2140 illecebris,
750 2081 814 2126 nou
830 2060 956 2125 lascivis
978 2061 1114 2138 notibus,
1136 2063 1184 2126 eet
1208 2062 1354 2146 exemplo
1373 2083 1425 2124 me·

285 2169 387 2233 iorum
411 2174 539 2233 tuorum
562 2165 689 2230 firmare
717 2165 799 2231 velie
827 2167 919 2232 uelde
949 2187 1037 2250 rogo.
1084 2165 1296 2250 Consequerie
1318 2190 1356 2232 ex
1375 2166 1425 2248 hijs

285 2274 399 2339 nedum
423 2272 570 2357 gloriam,
593 2293 703 2336 verum
732 2277 765 2336 et
787 2278 867 2357 uput
888 2273 980 2338 deum
1015 2277 1048 2337 et
1071 2271 1216 2338 homiues
1240 2273 1423 2356 temporibus

284 2378 403 2444 futuris
427 2379 626 2461 triumphurn
650 2378 823 2442 maximum
840 2379 1030 2462 reportabis.
1069 2375 1150 2442 ane
1162 2375 1312 2454 feliciter,
1335 2376 1423 2439 enine

285 2507 352 2549 mee
375 2505 450 2568 pore
476 2484 636 2568 precipue.

374 2589 420 2654 Ex
438 2590 584 2673 Augusto
607 2585 653 2676 [in
677 2591 819 2674 profesto
841 2591 942 2653 saneti
966 2589 1135 2677 Leurenoij
1160 2589 1314 2654 martirio.

954 2694 995 2763 N.
1019 2696 1081 2761 tibi
1098 2694 1353 2776 sincerissimum]

760 2901 968 2908 ,ῆς-.-

830 3029 889 3114 37,

285 3171 480 3246 Hermann
524 3167 679 3244 Schedel
724 3191 773 3241 an
811 3167 1004 3268 [Valentio
1051 3169 1158 3242 Eber.
1240 3170 1423 3267 Augsburg
1464 3271 1465 3274 Ἴ

729 3291 827 3364 1460
861 3287 1013 3393 sept.].¹

592 3447 976 3518 ermenteriarum.
1012 3445 1143 3520 Ooueept
1464 3463 1465 3533 p

286 3571 501 3638 deeoht
523 3573 590 3637 die
614 3571 835 3656 berufnug
861 3571 987 3636 Peter
1012 3571 1166 3637 Ludere
1190 3575 1290 3639 nnoh
1319 3577 1421 3658 Auge·

316 3680 428 3761 burg
451 3699 525 3742 zur
548 3677 716 3760 bebung
739 3677 812 3741 der
834 3677 1206 3742 humenistieohen
1229 3679 1398 3744 studien.

372 3817 580 3882 Ornatissime
603 3822 781 3900 preceptor.
828 3817 906 3902 Legi
928 3817 986 3881 hes
1008 3817 1120 3882 literne
1144 3819 1203 3883 tibi
1228 3841 1286 3903 per
1308 3819 1420 3884 Petrum

286 3923 541 4003 nummisma,
576 3944 654 4007 ques
686 3923 772 3986 omni
802 3927 919 3986 ornatu
946 3923 1114 3988 verborum
1148 3929 1180 3988 et
1206 3925 1420 3990 sententiarum

286 4031 422 4115 scriptae
446 4050 567 4108 censeo,
591 4036 624 4093 et
647 4028 762 4112 placet,
779 4031 815 4092 ut
831 4029 936 4112 ipsum
951 4029 1081 4113 scriptis
1098 4029 1162 4093 tuis
1176 4031 1215 4094 ed
1239 4028 1341 4096 looum
1363 4047 1422 4111 pre·

284 4141 406 4199 sentem
429 4133 575 4199 veniendi
600 4134 788 4219 quantocius
818 4134 954 4199 innitere
977 4155 1040 4198 non
1065 4138 1248 4218 postpones.
1298 4131 1420 4200 Habebit

357 4341 508 4398 lAdreme
526 4341 584 4396 und
602 4341 701 4396 datum
727 4343 800 4397 nach
824 4285 886 4396 dein
911 4359 966 4396 von
985 4341 1175 4396 wattenbach
1205 4343 1343 4410 [Zteobrit.
1361 4339 1377 4392 f.
1395 4336 1418 4390 G·
1463 4317 1464 4410 i

285 4430 335 4486 dee
354 4429 616 4498 OberrheineXXIl,
638 4431 698 4501 117]
718 4430 930 4501 ehgedruelrten
950 4429 1023 4484 brief
1039 4427 1145 4482 Ludere
1167 4445 1204 4484 nn
1223 4427 1307 4486 biber.
1340 4421 1421 4482 omit

285 4519 395 4574 etimmt
415 4517 460 4572 die
477 4517 604 4587 stellung
620 4517 659 4573 im
680 4518 764 4574 codex
783 4537 804 4572 e.
822 4517 868 4573 die
886 4517 981 4588 vorige
1000 4535 1042 4572 ur.
