3002 5070
630 416 673 482 29

73 595 245 674 tutentur,
274 596 329 681 qui
359 594 568 659 humanitatis
593 593 851 677 complectuntur
873 592 978 659 studia
1002 595 1034 656 et
1056 590 1222 656 literarum

72 703 228 767 suavitate
243 701 442 766 delectantur
453 749 570 766 ......
587 697 657 764 Hoc
672 699 752 764 mihi
766 698 877 764 videor
891 697 1053 762 verissime
1069 697 1223 774 dicturus,

73 805 196 871 nullum
213 806 308 872 huius
322 805 412 870 urbis
426 805 531 869 virum
548 805 687 888 peritum
703 805 805 888 pluris
827 803 931 868 facere
953 803 1082 881 amicos,
1099 801 1220 866 nullum

72 913 240 977 observare
262 911 469 992 diligencius,
499 909 622 974 nullum
649 909 788 974 sanctius
810 908 930 988 colere,
958 929 1061 992 neque
1083 907 1220 990 aliquem

71 1020 145 1096 scio,
169 1019 224 1103 qui
248 1017 353 1082 officio
376 1037 454 1100 erga
476 1015 644 1081 benevolos
668 1036 770 1101 neque
786 1036 892 1080 amore
908 1013 969 1078 tibi
992 1011 1221 1096 comparandus

72 1125 122 1189 sit„
153 1121 225 1188 'Pus
240 1144 352 1206 nempe
375 1127 489 1186 natura
511 1122 550 1184 ad
573 1120 749 1184 amiciciam
774 1141 932 1205 propensa
954 1118 1034 1182 mihi
1056 1122 1223 1200 perspecta

72 1235 118 1294 est
140 1227 339 1312 iocundaque
362 1232 417 1292 tua
445 1226 593 1291 omnibus
627 1226 821 1290 consuetudo
851 1232 899 1289 est
927 1246 999 1290 cum
1022 1223 1222 1287 humanitate

72 1334 197 1400 faceciis
217 1332 396 1398 coniuncta.
442 1331 499 1395 Est
526 1331 665 1396 suavitas
690 1331 750 1395 tibi
780 1330 929 1414 loquendi
946 1352 984 1394 ac
1004 1328 1070 1394 sale
1085 1327 1221 1411 quodam

73 1461 215 1523 respersa
241 1438 407 1502 urbanitas
431 1437 584 1513 maxima,
621 1459 701 1520 quae
724 1459 762 1500 ex
794 1434 929 1501 iocunde
953 1437 1081 1517 pectore
1103 1437 1223 1516 tuoque

72 1567 124 1610 ore
138 1543 344 1630 proveniunt,
367 1547 563 1628 quapropter
579 1563 642 1606 non
659 1542 775 1605 mirum
793 1544 850 1617 est,
873 1541 900 1605 ei
924 1539 1092 1624 perplures
1115 1558 1222 1602 amore

72 1651 116 1714 tui
139 1653 313 1714 teneantur
325 1695 418 1712 .....
443 1645 489 1710 Ex
512 1646 574 1712 hoc
597 1647 693 1710 etiam
711 1667 832 1711 summe
848 1645 1033 1722 laudandus,
1054 1643 1103 1708 vir
1125 1641 1222 1708 caris·

72 1755 157 1832 sime,
180 1775 224 1831 es,
248 1753 332 1838 quod
357 1751 495 1816 maximo
512 1752 617 1816 studio
634 1751 869 1838 diligenciaque
885 1749 1122 1834 philosophiam
1137 1769 1222 1814 conr·

72 1859 182 1942 plexus
205 1858 314 1936 fueris,
338 1878 419 1942 quae
441 1857 527 1920 inter
550 1877 599 1920 res
622 1854 778 1920 humanas
801 1877 864 1920 non
880 1853 984 1919 solum
1008 1853 1147 1918 maxima
1169 1852 1222 1916 sed

72 1972 101 2028 et
116 1963 314 2030 divinissima
329 1963 400 2027 iure
414 1961 554 2026 somnda
570 1965 632 2038 ert,
656 1983 729 2024 nam
747 1961 821 2045 quid
840 1958 1065 2044 praestabilius
1079 1958 1223 2042 cogitare

73 2075 102 2134 et
113 2069 263 2154 consequi
273 2088 448 2152 possumus,
461 2089 556 2151 quarn
569 2072 723 2146 easartes,
733 2088 769 2131 ea
779 2071 957 2150 praecepta,
970 2086 1022 2130 aas
1030 2063 1224 2146 disciplinas,

74 2175 187 2258 quihus
201 2195 259 2238 nos
285 2173 381 2258 ipsos,
397 2173 513 2258 quibus
527 2193 594 2236 rem
609 2170 811 2251 familiarem,
834 2170 950 2254 quihus
973 2170 1080 2234 civilia
1091 2167 1223 2252 negocia

75 2301 190 2364 regere,
206 2280 384 2362 disponere,
400 2278 579 2360 gubernare
593 2277 711 2341 liceat?
733 2276 818 2342 Hinc
834 2297 870 2340 ea
882 2278 1109 2360 comparantur
1124 2296 1222 2352 arma,

75 2386 187 2469 quibus
214 2385 252 2449 ad
284 2390 453 2468 utramque
483 2381 647 2448 fortunam
682 2403 739 2447 nec
762 2382 884 2448 fractus
912 2382 1004 2446 cadas
1033 2402 1090 2446 nec
1119 2379 1223 2444 elatus

74 2491 262 2554 intumescas
275 2536 384 2553 ......
402 2485 492 2551 Hanc
514 2508 574 2571 ego
589 2487 680 2552 illam
704 2509 769 2552 erse
793 2486 1021 2564 contenderim,
1044 2495 1081 2550 ut
1096 2483 1223 2550 'I'ullius

75 2595 104 2656 in
128 2599 234 2660 vetere
257 2593 442 2658 rethorica²
469 2593 524 2667 ait,
548 2593 639 2658 cuius
654 2613 714 2677 ope
729 2599 827 2677 atque
849 2614 946 2677 opere
961 2591 1104 2657 homines
1121 2613 1222 2676 quon·

76 2700 142 2763 dnm
166 2722 205 2764 ex
228 2698 347 2784 agresti
371 2697 503 2782 fersque
525 2697 594 2762 rita
617 2698 651 2762 in
675 2697 759 2762 hunc
781 2698 939 2762 urbanum
958 2698 1131 2780 mitemque
1155 2697 1222 2760 cul·

76 2813 139 2869 turn
164 2804 290 2869 deducti
323 2809 416 2881 sunt,
451 2825 513 2888 que
535 2803 622 2887 leges
649 2802 723 2868 illas
745 2825 782 2868 ac
804 2805 875 2868 iura
898 2803 1083 2888 descripsit,
1107 2802 1223 2886 quibus

75 2933 171 2975 unum
191 2910 224 2974 in
249 2909 353 2974 locum
369 2908 555 2994 congregati
571 2909 604 2972 in
627 2909 755 2974 civilem
777 2910 960 2974 societatem
984 2907 1220 2991 conciliare[n]-

76 3021 125 3078 tnr
138 3063 316 3082 .........

161 3119 272 3205 ltaque
295 3127 368 3184 tuas
390 3121 503 3185 virtuti
526 3121 707 3207 pericieque
739 3126 775 3184 ut
797 3119 1003 3202 congratuler
1027 3137 1151 3183 necesse
1174 3119 1223 3180 est

76 3225 195 3311 fuitque
214 3226 361 3303 maxime,
385 3247 456 3290 curn
481 3227 568 3310 pium
598 3231 725 3309 patrem
755 3247 861 3291 meum
885 3230 977 3290 tanta
1000 3222 1223 3288 benevolencia

76 3335 226 3417 tantaque
250 3331 395 3396 amicicia
417 3332 575 3416 singulari
611 3331 696 3396 colas
719 3336 815 3416 atque
838 3333 1002 3409 observes,
1024 3332 1062 3394 ut
1084 3329 1222 3394 nesciam

77 3457 113 3500 au
134 3438 253 3503 maiore
283 3438 373 3502 cultu
396 3437 452 3501 abs
474 3443 506 3502 tc
530 3437 663 3522 quisque
685 3436 778 3521 diligi
810 3443 925 3521 posset.
971 3435 1056 3500 Nam
1077 3439 1114 3500 ut
1137 3434 1221 3517 peri·

78 3542 139 3606 einr
169 3544 201 3606 in
233 3543 301 3608 dies
332 3543 400 3608 fieri
424 3543 540 3627 possit,
571 3543 819 3628 vigilantissima
846 3565 923 3608 cura
954 3563 1078 3625 semper
1099 3539 1223 3605 insistis

79 3646 310 3732 elegantissima
331 3647 582 3732 gravissimaque
614 3648 700 3712 dicta
731 3649 903 3727 offerendo,
931 3653 999 3712 tum
1032 3668 1104 3710 cunr
1132 3645 1223 3710 libris

80 3755 204 3834 ornasti,
227 3753 342 3839 quibus
366 3759 400 3818 et
421 3755 600 3819 doctrinam
622 3760 655 3818 et
677 3754 850 3819 multarum
877 3774 984 3818 rerum
1008 3751 1222 3835 cognitionem

81 3879 241 3944 excerpere
262 3863 379 3944 potest.
424 3857 463 3922 Id
486 3859 563 3922 mibi
586 3860 863 3944 pergratissimum
893 3864 951 3936 est,
974 3878 1111 3941 cumque
1133 3856 1222 3940 geni·

82 3969 175 4030 torem
191 3964 328 4031 vicissim
345 3968 377 4028 te
391 3963 569 4029 incredibili
587 3985 695 4028 amore
711 3964 861 4048 prosequi
877 3963 1101 4047 intelligerem,
1117 3981 1223 4024 amare

83 4075 110 4132 te
130 4071 233 4155 incepi
263 4069 466 4134 vehementer
498 4066 665 4152 iratusque
688 4089 780 4148 sum,
806 4069 865 4134 hec
898 4068 1018 4150 scripta
1041 4087 1079 4131 ex
1101 4065 1222 4130 sincero

82 4171 219 4260 bonoque
240 4174 348 4240 animo
370 4174 409 4238 ad
425 4179 457 4238 te
468 4173 608 4239 mittere.
655 4172 732 4249 Quis
743 4174 827 4238 enim
843 4179 911 4237 tam
934 4172 1006 4235 ebes
1031 4173 1123 4251 esset,
1146 4171 1221 4236 dum

85 4276 232 4345 bominem
268 4285 359 4345 tants
389 4275 714 4366 perscrutand[ar]um
747 4281 925 4345 divinarum
948 4277 1222 4362 humanarumque

148 4437 159 4488 l
180 4435 219 4490 let
236 4435 282 4492 dia
305 4434 404 4490 schrift
425 4434 460 4490 de
485 4384 659 4498 inventione:
675 4433 807 4489 wabrend
820 4433 984 4490 derhuctor
1002 4432 1039 4488 ad
1050 4430 1222 4488 Herennium

87 4521 123 4576 ale
139 4541 210 4580 nova
226 4524 366 4582 rhetorica
384 4523 463 4580 citirt
480 4523 560 4579 vird.
