<?xml version="1.0" encoding="UTF-8"?>
<!DOCTYPE html PUBLIC "-//W3C//DTD XHTML 1.0 Transitional//EN"
    "http://www.w3.org/TR/xhtml1/DTD/xhtml1-transitional.dtd">
<html xmlns="http://www.w3.org/1999/xhtml" xml:lang="en" lang="en">
 <head>
  <title>
</title>
<meta http-equiv="Content-Type" content="text/html;charset=utf-8" />
  <meta name='ocr-system' content='tesseract 3.04.00' />
  <meta name='ocr-capabilities' content='ocr_page ocr_carea ocr_par ocr_line ocrx_word'/>
</head>
<body>
  <div class='ocr_page' id='page_1' title='image "./hermannschedels00schegoog_0153.png"; bbox 0 0 2990 5068; ppageno 0'>
   <div class='ocr_carea' id='block_1_1' title="bbox 632 409 694 476">
    <p class='ocr_par' dir='ltr' id='par_1_1' title="bbox 632 409 694 476">
     <span class='ocr_line' id='line_1_1' title="bbox 632 409 694 476; baseline -0.032 0"><span class='ocrx_word' id='word_1_1' title='bbox 632 409 694 476; x_wconf 81' lang='lat'><strong>137</strong></span> 
     </span>
    </p>
   </div>
   <div class='ocr_carea' id='block_1_2' title="bbox 68 577 1259 4354">
    <p class='ocr_par' dir='ltr' id='par_1_2' title="bbox 68 577 1242 1198">
     <span class='ocr_line' id='line_1_2' title="bbox 71 577 1240 669; baseline -0.009 -21"><span class='ocrx_word' id='word_1_2' title='bbox 71 586 114 650; x_wconf 89' lang='lat' dir='ltr'><strong>ad</strong></span> <span class='ocrx_word' id='word_1_3' title='bbox 147 583 311 650; x_wconf 86' lang='lat' dir='ltr'><strong>Lucillum</strong></span> <span class='ocrx_word' id='word_1_4' title='bbox 336 583 474 668; x_wconf 88' lang='lat' dir='ltr'><strong>epistula</strong></span> <span class='ocrx_word' id='word_1_5' title='bbox 490 587 612 669; x_wconf 88' lang='lat' dir='ltr'><strong>prima:</strong></span> <span class='ocrx_word' id='word_1_6' title='bbox 637 584 799 649; x_wconf 77' lang='lat' dir='ltr'><strong>»Primum</strong></span> <span class='ocrx_word' id='word_1_7' title='bbox 820 585 1044 664; x_wconf 83' lang='lat' dir='ltr'><strong>argumentum</strong></span> <span class='ocrx_word' id='word_1_8' title='bbox 1061 577 1141 642; x_wconf 90' lang='lat' dir='ltr'><strong>bene</strong></span> <span class='ocrx_word' id='word_1_9' title='bbox 1156 591 1240 638; x_wconf 87' lang='lat' dir='ltr'><strong>oom-</strong></span> 
     </span>
     <span class='ocr_line' id='line_1_3' title="bbox 69 678 1238 776; baseline -0.013 -19"><span class='ocrx_word' id='word_1_10' title='bbox 69 692 190 776; x_wconf 88' lang='lat' dir='ltr'><strong>posite</strong></span> <span class='ocrx_word' id='word_1_11' title='bbox 214 690 328 756; x_wconf 88' lang='lat' dir='ltr'><strong>mentis</strong></span> <span class='ocrx_word' id='word_1_12' title='bbox 352 711 427 770; x_wconf 87' lang='lat' dir='ltr'><strong>esse,</strong></span> <span class='ocrx_word' id='word_1_13' title='bbox 451 713 543 776; x_wconf 88' lang='lat' dir='ltr'><strong>posse</strong></span> <span class='ocrx_word' id='word_1_14' title='bbox 565 713 670 758; x_wconf 88' lang='lat' dir='ltr'><strong>secum</strong></span> <span class='ocrx_word' id='word_1_15' title='bbox 694 690 865 758; x_wconf 71' lang='lat' dir='ltr'><strong>consistere</strong></span> <span class='ocrx_word' id='word_1_16' title='bbox 903 691 936 752; x_wconf 91' lang='lat' dir='ltr'><strong>et</strong></span> <span class='ocrx_word' id='word_1_17' title='bbox 963 705 1066 750; x_wconf 85' lang='lat' dir='ltr'><strong>secum</strong></span> <span class='ocrx_word' id='word_1_18' title='bbox 1091 678 1238 746; x_wconf 90' lang='lat' dir='ltr'><strong>morari.‹</strong></span> 
     </span>
     <span class='ocr_line' id='line_1_4' title="bbox 68 783 1241 883; baseline -0.012 -23"><span class='ocrx_word' id='word_1_19' title='bbox 68 795 255 882; x_wconf 85' lang='lat' dir='ltr'><strong>Nusquam</strong></span> <span class='ocrx_word' id='word_1_20' title='bbox 271 795 354 860; x_wconf 89' lang='lat' dir='ltr'><strong>enim</strong></span> <span class='ocrx_word' id='word_1_21' title='bbox 372 802 430 874; x_wconf 89' lang='lat' dir='ltr'><strong>est,</strong></span> <span class='ocrx_word' id='word_1_22' title='bbox 453 797 508 882; x_wconf 90' lang='lat' dir='ltr'><strong>qui</strong></span> <span class='ocrx_word' id='word_1_23' title='bbox 532 797 651 883; x_wconf 90' lang='lat' dir='ltr'><strong>ubique</strong></span> <span class='ocrx_word' id='word_1_24' title='bbox 674 801 731 862; x_wconf 91' lang='lat' dir='ltr'><strong>est.</strong></span> <span class='ocrx_word' id='word_1_25' title='bbox 781 793 874 872; x_wconf 80' lang='lat' dir='ltr'><strong>Audi,</strong></span> <span class='ocrx_word' id='word_1_26' title='bbox 901 811 1023 876; x_wconf 79' lang='lat' dir='ltr'>precor,</span> <span class='ocrx_word' id='word_1_27' title='bbox 1048 787 1124 873; x_wconf 92' lang='lat' dir='ltr'><strong>quid</strong></span> <span class='ocrx_word' id='word_1_28' title='bbox 1140 783 1241 848; x_wconf 83' lang='lat' dir='ltr'><strong>Fran-</strong></span> 
     </span>
     <span class='ocr_line' id='line_1_5' title="bbox 69 887 1241 986; baseline -0.013 -20"><span class='ocrx_word' id='word_1_29' title='bbox 69 901 186 966; x_wconf 84' lang='lat' dir='ltr'><strong>ciscns</strong></span> <span class='ocrx_word' id='word_1_30' title='bbox 204 898 378 966; x_wconf 87' lang='lat' dir='ltr'><strong>Petrarcba</strong></span> <span class='ocrx_word' id='word_1_31' title='bbox 400 901 577 986; x_wconf 91' lang='lat' dir='ltr'><strong>deincepte</strong></span> <span class='ocrx_word' id='word_1_32' title='bbox 596 903 663 968; x_wconf 84' lang='lat' dir='ltr'><strong>vite</strong></span> <span class='ocrx_word' id='word_1_33' title='bbox 678 899 917 986; x_wconf 75' lang='lat' dir='ltr'><strong>perseverancia</strong></span> <span class='ocrx_word' id='word_1_34' title='bbox 940 895 1062 972; x_wconf 75' lang='lat' dir='ltr'><strong>scribit,</strong></span> <span class='ocrx_word' id='word_1_35' title='bbox 1085 887 1241 966; x_wconf 87' lang='lat' dir='ltr'><strong>domatis,</strong></span> 
     </span>
     <span class='ocr_line' id='line_1_6' title="bbox 70 993 1241 1093; baseline -0.011 -23"><span class='ocrx_word' id='word_1_36' title='bbox 70 1027 144 1090; x_wconf 88' lang='lat' dir='ltr'><strong>que</strong></span> <span class='ocrx_word' id='word_1_37' title='bbox 170 1007 205 1070; x_wconf 91' lang='lat' dir='ltr'><strong>in</strong></span> <span class='ocrx_word' id='word_1_38' title='bbox 230 1005 363 1070; x_wconf 84' lang='lat' dir='ltr'><strong>urbibus</strong></span> <span class='ocrx_word' id='word_1_39' title='bbox 385 1005 477 1086; x_wconf 89' lang='lat' dir='ltr'><strong>fiunt,</strong></span> <span class='ocrx_word' id='word_1_40' title='bbox 504 1030 567 1093; x_wconf 88' lang='lat' dir='ltr'><strong>qne</strong></span> <span class='ocrx_word' id='word_1_41' title='bbox 590 1030 639 1072; x_wconf 90' lang='lat' dir='ltr'><strong>me</strong></span> <span class='ocrx_word' id='word_1_42' title='bbox 662 1011 695 1071; x_wconf 90' lang='lat' dir='ltr'><strong>et</strong></span> <span class='ocrx_word' id='word_1_43' title='bbox 716 1013 748 1071; x_wconf 92' lang='lat' dir='ltr'><strong>te</strong></span> <span class='ocrx_word' id='word_1_44' title='bbox 771 1027 808 1070; x_wconf 94' lang='lat' dir='ltr'><strong>ac</strong></span> <span class='ocrx_word' id='word_1_45' title='bbox 824 1001 1000 1089; x_wconf 79' lang='lat' dir='ltr'><strong>quemlibet</strong></span> <span class='ocrx_word' id='word_1_46' title='bbox 1024 998 1131 1064; x_wconf 90' lang='lat' dir='ltr'><strong>eodem</strong></span> <span class='ocrx_word' id='word_1_47' title='bbox 1156 993 1241 1078; x_wconf 89' lang='lat' dir='ltr'><strong>aspi-</strong></span> 
     </span>
     <span class='ocr_line' id='line_1_7' title="bbox 73 1097 1242 1198; baseline -0.01 -25"><span class='ocrx_word' id='word_1_48' title='bbox 73 1107 239 1198; x_wconf 87' lang='lat' dir='ltr'><strong>rante[m]</strong></span> <span class='ocrx_word' id='word_1_49' title='bbox 249 1110 355 1176; x_wconf 91' lang='lat' dir='ltr'><strong>animo</strong></span> <span class='ocrx_word' id='word_1_50' title='bbox 366 1111 406 1175; x_wconf 93' lang='lat' dir='ltr'><strong>ab</strong></span> <span class='ocrx_word' id='word_1_51' title='bbox 418 1110 512 1176; x_wconf 88' lang='lat' dir='ltr'><strong>buius</strong></span> <span class='ocrx_word' id='word_1_52' title='bbox 526 1113 634 1178; x_wconf 90' lang='lat' dir='ltr'><strong>mundi</strong></span> <span class='ocrx_word' id='word_1_53' title='bbox 646 1111 841 1176; x_wconf 83' lang='lat' dir='ltr'><strong>vanitatibus</strong></span> <span class='ocrx_word' id='word_1_54' title='bbox 851 1109 965 1174; x_wconf 88' lang='lat' dir='ltr'><strong>merito</strong></span> <span class='ocrx_word' id='word_1_55' title='bbox 974 1097 1188 1171; x_wconf 88' lang='lat' dir='ltr'><strong>retraherent¹</strong></span> <span class='ocrx_word' id='word_1_56' title='bbox 1199 1149 1205 1162; x_wconf 92' lang='lat'><strong>.</strong></span> <span class='ocrx_word' id='word_1_57' title='bbox 1217 1145 1242 1162; x_wconf 89' lang='lat'><strong>..</strong></span> 
     </span>
    </p>

    <p class='ocr_par' dir='ltr' id='par_1_3' title="bbox 74 1205 1259 4354">
     <span class='ocr_line' id='line_1_8' title="bbox 174 1205 1243 1288; baseline -0.011 -9"><span class='ocrx_word' id='word_1_58' title='bbox 174 1213 341 1280; x_wconf 87' lang='lat' dir='ltr'><strong>Postremo</strong></span> <span class='ocrx_word' id='word_1_59' title='bbox 371 1220 408 1280; x_wconf 91' lang='lat' dir='ltr'><strong>ut</strong></span> <span class='ocrx_word' id='word_1_60' title='bbox 441 1215 490 1280; x_wconf 91' lang='lat' dir='ltr'><strong>his</strong></span> <span class='ocrx_word' id='word_1_61' title='bbox 513 1216 640 1282; x_wconf 85' lang='lat' dir='ltr'><strong>invictis</strong></span> <span class='ocrx_word' id='word_1_62' title='bbox 664 1217 755 1282; x_wconf 89' lang='lat' dir='ltr'><strong>malis</strong></span> <span class='ocrx_word' id='word_1_63' title='bbox 780 1215 946 1288; x_wconf 88' lang='lat' dir='ltr'><strong>resistere,</strong></span> <span class='ocrx_word' id='word_1_64' title='bbox 983 1211 1119 1276; x_wconf 87' lang='lat' dir='ltr'><strong>virtutes</strong></span> <span class='ocrx_word' id='word_1_65' title='bbox 1141 1205 1243 1270; x_wconf 88' lang='lat' dir='ltr'><strong>colere</strong></span> 
     </span>
     <span class='ocr_line' id='line_1_9' title="bbox 74 1316 1244 1406; baseline -0.011 -22"><span class='ocrx_word' id='word_1_66' title='bbox 74 1321 341 1406; x_wconf 84' lang='lat' dir='ltr'><strong>religionemque</strong></span> <span class='ocrx_word' id='word_1_67' title='bbox 363 1327 506 1386; x_wconf 87' lang='lat' dir='ltr'><strong>sanctam</strong></span> <span class='ocrx_word' id='word_1_68' title='bbox 535 1323 677 1386; x_wconf 82' lang='lat' dir='ltr'><strong>venerari</strong></span> <span class='ocrx_word' id='word_1_69' title='bbox 698 1322 868 1398; x_wconf 86' lang='lat' dir='ltr'><strong>valeamus,</strong></span> <span class='ocrx_word' id='word_1_70' title='bbox 898 1321 1031 1384; x_wconf 86' lang='lat' dir='ltr'><strong>mortem</strong></span> <span class='ocrx_word' id='word_1_71' title='bbox 1047 1316 1160 1398; x_wconf 89' lang='lat' dir='ltr'><strong>ipsam,</strong></span> <span class='ocrx_word' id='word_1_72' title='bbox 1183 1329 1244 1392; x_wconf 92' lang='lat' dir='ltr'><strong>que</strong></span> 
     </span>
     <span class='ocr_line' id='line_1_10' title="bbox 74 1417 1245 1512; baseline -0.012 -22"><span class='ocrx_word' id='word_1_73' title='bbox 74 1427 158 1490; x_wconf 89' lang='lat' dir='ltr'><strong>finis</strong></span> <span class='ocrx_word' id='word_1_74' title='bbox 176 1421 213 1512; x_wconf 81' lang='lat' dir='ltr'><strong>[f.</strong></span> <span class='ocrx_word' id='word_1_75' title='bbox 230 1425 322 1508; x_wconf 66' lang='lat'><strong>265⁶]</strong></span> <span class='ocrx_word' id='word_1_76' title='bbox 346 1427 486 1492; x_wconf 87' lang='lat' dir='ltr'><strong>omnium</strong></span> <span class='ocrx_word' id='word_1_77' title='bbox 509 1425 666 1492; x_wconf 88' lang='lat' dir='ltr'><strong>malorum</strong></span> <span class='ocrx_word' id='word_1_78' title='bbox 690 1430 747 1506; x_wconf 88' lang='lat' dir='ltr'><strong>est,</strong></span> <span class='ocrx_word' id='word_1_79' title='bbox 772 1430 852 1491; x_wconf 91' lang='lat' dir='ltr'><strong>teste</strong></span> <span class='ocrx_word' id='word_1_80' title='bbox 882 1421 1037 1509; x_wconf 86' lang='lat' dir='ltr'><strong>apostolo,</strong></span> <span class='ocrx_word' id='word_1_81' title='bbox 1061 1417 1245 1502; x_wconf 83' lang='lat' dir='ltr'><strong>frequenter</strong></span> 
     </span>
     <span class='ocr_line' id='line_1_11' title="bbox 76 1519 1244 1616; baseline -0.01 -22"><span class='ocrx_word' id='word_1_82' title='bbox 76 1531 237 1595; x_wconf 85' lang='lat' dir='ltr'><strong>meditari</strong></span> <span class='ocrx_word' id='word_1_83' title='bbox 261 1551 382 1607; x_wconf 89' lang='lat' dir='ltr'><strong>censeo,</strong></span> <span class='ocrx_word' id='word_1_84' title='bbox 407 1553 553 1616; x_wconf 81' lang='lat' dir='ltr'><strong>quacum</strong></span> <span class='ocrx_word' id='word_1_85' title='bbox 569 1533 653 1598; x_wconf 89' lang='lat' dir='ltr'><strong>inter</strong></span> <span class='ocrx_word' id='word_1_86' title='bbox 676 1531 818 1598; x_wconf 87' lang='lat' dir='ltr'><strong>timenda</strong></span> <span class='ocrx_word' id='word_1_87' title='bbox 844 1530 1059 1614; x_wconf 78' lang='lat' dir='ltr'><strong>principatum</strong></span> <span class='ocrx_word' id='word_1_88' title='bbox 1077 1519 1244 1607; x_wconf 90' lang='lat' dir='ltr'><strong>possideat,</strong></span> 
     </span>
     <span class='ocr_line' id='line_1_12' title="bbox 76 1626 1243 1721; baseline -0.01 -22"><span class='ocrx_word' id='word_1_89' title='bbox 76 1637 190 1719; x_wconf 87' lang='lat' dir='ltr'><strong>ipsius</strong></span> <span class='ocrx_word' id='word_1_90' title='bbox 220 1637 441 1721; x_wconf 88' lang='lat' dir='ltr'><strong>compendiosa</strong></span> <span class='ocrx_word' id='word_1_91' title='bbox 471 1638 651 1704; x_wconf 77' lang='lat' dir='ltr'><strong>recordacio</strong></span> <span class='ocrx_word' id='word_1_92' title='bbox 687 1660 749 1702; x_wconf 92' lang='lat' dir='ltr'><strong>non</strong></span> <span class='ocrx_word' id='word_1_93' title='bbox 773 1636 914 1714; x_wconf 88' lang='lat' dir='ltr'><strong>sufficit,</strong></span> <span class='ocrx_word' id='word_1_94' title='bbox 951 1631 1004 1698; x_wconf 92' lang='lat' dir='ltr'><strong>sed</strong></span> <span class='ocrx_word' id='word_1_95' title='bbox 1037 1631 1120 1695; x_wconf 91' lang='lat' dir='ltr'><strong>circa</strong></span> <span class='ocrx_word' id='word_1_96' title='bbox 1142 1626 1243 1710; x_wconf 88' lang='lat' dir='ltr'><strong>ipsam</strong></span> 
     </span>
     <span class='ocr_line' id='line_1_13' title="bbox 78 1729 1245 1829; baseline -0.009 -25"><span class='ocrx_word' id='word_1_97' title='bbox 78 1741 211 1806; x_wconf 88' lang='lat' dir='ltr'><strong>diucius</strong></span> <span class='ocrx_word' id='word_1_98' title='bbox 236 1741 400 1806; x_wconf 91' lang='lat' dir='ltr'><strong>immorari</strong></span> <span class='ocrx_word' id='word_1_99' title='bbox 427 1749 556 1828; x_wconf 85' lang='lat' dir='ltr'><strong>oportet</strong></span> <span class='ocrx_word' id='word_1_100' title='bbox 586 1749 682 1829; x_wconf 86' lang='lat' dir='ltr'><strong>atque</strong></span> <span class='ocrx_word' id='word_1_101' title='bbox 706 1743 861 1809; x_wconf 89' lang='lat' dir='ltr'><strong>acerrima</strong></span> <span class='ocrx_word' id='word_1_102' title='bbox 889 1737 1096 1806; x_wconf 88' lang='lat' dir='ltr'><strong>meditacionc</strong></span> <span class='ocrx_word' id='word_1_103' title='bbox 1117 1729 1245 1816; x_wconf 88' lang='lat' dir='ltr'><strong>singola</strong></span> 
     </span>
     <span class='ocr_line' id='line_1_14' title="bbox 81 1833 1244 1932; baseline -0.01 -23"><span class='ocrx_word' id='word_1_104' title='bbox 81 1845 300 1910; x_wconf 88' lang='lat' dir='ltr'><strong>moriencium</strong></span> <span class='ocrx_word' id='word_1_105' title='bbox 334 1847 476 1912; x_wconf 88' lang='lat' dir='ltr'><strong>membra</strong></span> <span class='ocrx_word' id='word_1_106' title='bbox 507 1869 714 1932; x_wconf 89' lang='lat' dir='ltr'><strong>percurrere,</strong></span> <span class='ocrx_word' id='word_1_107' title='bbox 745 1846 838 1912; x_wconf 87' lang='lat' dir='ltr'><strong>sicuti</strong></span> <span class='ocrx_word' id='word_1_108' title='bbox 862 1867 922 1930; x_wconf 90' lang='lat' dir='ltr'><strong>pro</strong></span> <span class='ocrx_word' id='word_1_109' title='bbox 952 1846 1043 1928; x_wconf 86' lang='lat' dir='ltr'><strong>parte</strong></span> <span class='ocrx_word' id='word_1_110' title='bbox 1066 1837 1188 1922; x_wconf 91' lang='lat' dir='ltr'><strong>pridem</strong></span> <span class='ocrx_word' id='word_1_111' title='bbox 1211 1833 1244 1898; x_wconf 94' lang='lat' dir='ltr'><strong>in</strong></span> 
     </span>
     <span class='ocr_line' id='line_1_15' title="bbox 80 1939 1246 2036; baseline -0.009 -23"><span class='ocrx_word' id='word_1_112' title='bbox 80 1951 262 2016; x_wconf 83' lang='lat' dir='ltr'><strong>reverendo</strong></span> <span class='ocrx_word' id='word_1_113' title='bbox 279 1957 369 2036; x_wconf 88' lang='lat' dir='ltr'><strong>patre</strong></span> <span class='ocrx_word' id='word_1_114' title='bbox 391 1953 519 2019; x_wconf 89' lang='lat' dir='ltr'><strong>domino</strong></span> <span class='ocrx_word' id='word_1_115' title='bbox 535 1953 722 2020; x_wconf 88' lang='lat' dir='ltr'><strong>Leonbardo</strong></span> <span class='ocrx_word' id='word_1_116' title='bbox 737 1951 868 2031; x_wconf 76' lang='lat' dir='ltr'><strong>Gessell,</strong></span> <span class='ocrx_word' id='word_1_117' title='bbox 894 1951 1012 2016; x_wconf 84' lang='lat' dir='ltr'><strong>decano</strong></span> <span class='ocrx_word' id='word_1_118' title='bbox 1035 1942 1165 2010; x_wconf 89' lang='lat' dir='ltr'><strong>ecclesie</strong></span> <span class='ocrx_word' id='word_1_119' title='bbox 1178 1939 1246 2004; x_wconf 83' lang='lat' dir='ltr'><strong>Au-</strong></span> 
     </span>
     <span class='ocr_line' id='line_1_16' title="bbox 80 2045 1245 2138; baseline -0.011 -17"><span class='ocrx_word' id='word_1_120' title='bbox 80 2057 252 2138; x_wconf 86' lang='lat' dir='ltr'><strong>gustensie</strong></span> <span class='ocrx_word' id='word_1_121' title='bbox 268 2061 339 2134; x_wconf 84' lang='lat' dir='ltr'><strong>etc,</strong></span> <span class='ocrx_word' id='word_1_122' title='bbox 369 2060 507 2124; x_wconf 88' lang='lat' dir='ltr'><strong>emedio</strong></span> <span class='ocrx_word' id='word_1_123' title='bbox 529 2058 656 2126; x_wconf 79' lang='lat' dir='ltr'><strong>subicio</strong></span> <span class='ocrx_word' id='word_1_124' title='bbox 679 2065 711 2124; x_wconf 92' lang='lat' dir='ltr'><strong>et</strong></span> <span class='ocrx_word' id='word_1_125' title='bbox 727 2059 760 2122; x_wconf 91' lang='lat' dir='ltr'><strong>in</strong></span> <span class='ocrx_word' id='word_1_126' title='bbox 784 2064 894 2123; x_wconf 87' lang='lat' dir='ltr'><strong>eterna</strong></span> <span class='ocrx_word' id='word_1_127' title='bbox 912 2049 1109 2121; x_wconf 87' lang='lat' dir='ltr'><strong>beatitudine</strong></span> <span class='ocrx_word' id='word_1_128' title='bbox 1132 2045 1245 2127; x_wconf 87' lang='lat' dir='ltr'><strong>benig-</strong></span> 
     </span>
     <span class='ocr_line' id='line_1_17' title="bbox 82 2151 1247 2249; baseline -0.009 -25"><span class='ocrx_word' id='word_1_129' title='bbox 82 2161 221 2228; x_wconf 87' lang='lat' dir='ltr'><strong>nissima</strong></span> <span class='ocrx_word' id='word_1_130' title='bbox 243 2163 292 2228; x_wconf 88' lang='lat' dir='ltr'><strong>dei</strong></span> <span class='ocrx_word' id='word_1_131' title='bbox 317 2164 533 2230; x_wconf 86' lang='lat' dir='ltr'><strong>misericordia</strong></span> <span class='ocrx_word' id='word_1_132' title='bbox 555 2170 702 2249; x_wconf 89' lang='lat' dir='ltr'><strong>suscepto</strong></span> <span class='ocrx_word' id='word_1_133' title='bbox 728 2164 829 2230; x_wconf 89' lang='lat' dir='ltr'><strong>oeulis</strong></span> <span class='ocrx_word' id='word_1_134' title='bbox 847 2157 1050 2244; x_wconf 69' lang='lat' dir='ltr'><strong>conspexisti.</strong></span> <span class='ocrx_word' id='word_1_135' title='bbox 1095 2151 1247 2218; x_wconf 85' lang='lat' dir='ltr'><strong>Videmus</strong></span> 
     </span>
     <span class='ocr_line' id='line_1_18' title="bbox 83 2261 1246 2354; baseline -0.008 -25"><span class='ocrx_word' id='word_1_136' title='bbox 83 2268 242 2330; x_wconf 82' lang='lat' dir='ltr'><strong>extremis</strong></span> <span class='ocrx_word' id='word_1_137' title='bbox 265 2268 327 2332; x_wconf 91' lang='lat' dir='ltr'><strong>iam</strong></span> <span class='ocrx_word' id='word_1_138' title='bbox 353 2268 535 2354; x_wconf 84' lang='lat' dir='ltr'><strong>algentibus</strong></span> <span class='ocrx_word' id='word_1_139' title='bbox 558 2269 687 2337; x_wconf 81' lang='lat' dir='ltr'><strong>media¹</strong></span> <span class='ocrx_word' id='word_1_140' title='bbox 712 2269 825 2335; x_wconf 87' lang='lat' dir='ltr'><strong>terreri</strong></span> <span class='ocrx_word' id='word_1_141' title='bbox 860 2274 892 2332; x_wconf 91' lang='lat' dir='ltr'><strong>ot</strong></span> <span class='ocrx_word' id='word_1_142' title='bbox 918 2283 1040 2330; x_wconf 88' lang='lat' dir='ltr'><strong>summo</strong></span> <span class='ocrx_word' id='word_1_143' title='bbox 1063 2261 1246 2342; x_wconf 92' lang='lat' dir='ltr'><strong>importuno</strong></span> 
     </span>
     <span class='ocr_line' id='line_1_19' title="bbox 84 2360 1246 2461; baseline -0.009 -27"><span class='ocrx_word' id='word_1_144' title='bbox 84 2373 204 2436; x_wconf 88' lang='lat' dir='ltr'><strong>sudore</strong></span> <span class='ocrx_word' id='word_1_145' title='bbox 228 2371 386 2454; x_wconf 85' lang='lat' dir='ltr'><strong>diffluere,</strong></span> <span class='ocrx_word' id='word_1_146' title='bbox 411 2376 468 2440; x_wconf 91' lang='lat' dir='ltr'><strong>ilia</strong></span> <span class='ocrx_word' id='word_1_147' title='bbox 491 2377 624 2461; x_wconf 87' lang='lat' dir='ltr'><strong>pulsari,</strong></span> <span class='ocrx_word' id='word_1_148' title='bbox 649 2377 778 2441; x_wconf 86' lang='lat' dir='ltr'><strong>vitalem</strong></span> <span class='ocrx_word' id='word_1_149' title='bbox 810 2373 958 2458; x_wconf 88' lang='lat' dir='ltr'><strong>spiritum</strong></span> <span class='ocrx_word' id='word_1_150' title='bbox 992 2366 1104 2432; x_wconf 88' lang='lat' dir='ltr'><strong>mortis</strong></span> <span class='ocrx_word' id='word_1_151' title='bbox 1134 2360 1246 2426; x_wconf 81' lang='lat' dir='ltr'><strong>vicini-</strong></span> 
     </span>
     <span class='ocr_line' id='line_1_20' title="bbox 85 2465 1246 2565; baseline -0.013 -23"><span class='ocrx_word' id='word_1_152' title='bbox 85 2483 157 2542; x_wconf 84' lang='lat' dir='ltr'><strong>tate</strong></span> <span class='ocrx_word' id='word_1_153' title='bbox 182 2479 367 2559; x_wconf 81' lang='lat' dir='ltr'><strong>lentescere,</strong></span> <span class='ocrx_word' id='word_1_154' title='bbox 400 2478 539 2546; x_wconf 85' lang='lat' dir='ltr'><strong>defossos</strong></span> <span class='ocrx_word' id='word_1_155' title='bbox 569 2486 782 2565; x_wconf 76' lang='lat' dir='ltr'><strong>nutantesque</strong></span> <span class='ocrx_word' id='word_1_156' title='bbox 807 2478 929 2556; x_wconf 91' lang='lat' dir='ltr'><strong>oculos,</strong></span> <span class='ocrx_word' id='word_1_157' title='bbox 965 2471 1128 2539; x_wconf 90' lang='lat' dir='ltr'><strong>obtuitnm</strong></span> <span class='ocrx_word' id='word_1_158' title='bbox 1152 2465 1246 2532; x_wconf 88' lang='lat' dir='ltr'><strong>lacri-</strong></span> 
     </span>
     <span class='ocr_line' id='line_1_21' title="bbox 86 2568 1247 2670; baseline -0.013 -22"><span class='ocrx_word' id='word_1_159' title='bbox 86 2605 227 2662; x_wconf 90' lang='lat' dir='ltr'><strong>mosum,</strong></span> <span class='ocrx_word' id='word_1_160' title='bbox 254 2587 449 2650; x_wconf 86' lang='lat' dir='ltr'><strong>contractam</strong></span> <span class='ocrx_word' id='word_1_161' title='bbox 474 2586 614 2652; x_wconf 86' lang='lat' dir='ltr'><strong>frontem</strong></span> <span class='ocrx_word' id='word_1_162' title='bbox 638 2586 878 2670; x_wconf 82' lang='lat' dir='ltr'><strong>liventemque,</strong></span> <span class='ocrx_word' id='word_1_163' title='bbox 911 2581 1055 2646; x_wconf 90' lang='lat' dir='ltr'><strong>labantes</strong></span> <span class='ocrx_word' id='word_1_164' title='bbox 1077 2593 1184 2658; x_wconf 83' lang='lat' dir='ltr'><strong>genas,</strong></span> <span class='ocrx_word' id='word_1_165' title='bbox 1208 2568 1247 2633; x_wconf 90' lang='lat' dir='ltr'><strong>li·</strong></span> 
     </span>
     <span class='ocr_line' id='line_1_22' title="bbox 87 2678 1246 2776; baseline -0.012 -23"><span class='ocrx_word' id='word_1_166' title='bbox 87 2689 180 2754; x_wconf 82' lang='lat' dir='ltr'><strong>vidos</strong></span> <span class='ocrx_word' id='word_1_167' title='bbox 196 2689 316 2766; x_wconf 87' lang='lat' dir='ltr'><strong>dentes,</strong></span> <span class='ocrx_word' id='word_1_168' title='bbox 340 2690 480 2772; x_wconf 81' lang='lat' dir='ltr'><strong>rigentes</strong></span> <span class='ocrx_word' id='word_1_169' title='bbox 503 2698 599 2776; x_wconf 88' lang='lat' dir='ltr'><strong>atque</strong></span> <span class='ocrx_word' id='word_1_170' title='bbox 614 2697 723 2758; x_wconf 89' lang='lat' dir='ltr'><strong>acutas</strong></span> <span class='ocrx_word' id='word_1_171' title='bbox 734 2712 836 2768; x_wconf 88' lang='lat' dir='ltr'><strong>nares,</strong></span> <span class='ocrx_word' id='word_1_172' title='bbox 869 2683 1054 2772; x_wconf 87' lang='lat' dir='ltr'><strong>spumancia</strong></span> <span class='ocrx_word' id='word_1_173' title='bbox 1070 2678 1163 2756; x_wconf 88' lang='lat' dir='ltr'><strong>labia,</strong></span> <span class='ocrx_word' id='word_1_174' title='bbox 1180 2680 1246 2740; x_wconf 88' lang='lat' dir='ltr'><strong>tor·</strong></span> 
     </span>
     <span class='ocr_line' id='line_1_23' title="bbox 84 2785 1247 2880; baseline -0.013 -22"><span class='ocrx_word' id='word_1_175' title='bbox 84 2799 220 2877; x_wconf 88' lang='lat' dir='ltr'><strong>pentem</strong></span> <span class='ocrx_word' id='word_1_176' title='bbox 243 2815 507 2879; x_wconf 86' lang='lat' dir='ltr'><strong>squamosamque</strong></span> <span class='ocrx_word' id='word_1_177' title='bbox 549 2795 712 2880; x_wconf 89' lang='lat' dir='ltr'><strong>linguam,</strong></span> <span class='ocrx_word' id='word_1_178' title='bbox 743 2796 867 2860; x_wconf 89' lang='lat' dir='ltr'><strong>aridum</strong></span> <span class='ocrx_word' id='word_1_179' title='bbox 899 2791 1053 2878; x_wconf 88' lang='lat' dir='ltr'><strong>palatum,</strong></span> <span class='ocrx_word' id='word_1_180' title='bbox 1075 2785 1247 2867; x_wconf 84' lang='lat' dir='ltr'><strong>fatigatum</strong></span> 
     </span>
     <span class='ocr_line' id='line_1_24' title="bbox 88 2885 1249 2984; baseline -0.014 -20"><span class='ocrx_word' id='word_1_181' title='bbox 88 2903 200 2984; x_wconf 87' lang='lat' dir='ltr'><strong>capnt,</strong></span> <span class='ocrx_word' id='word_1_182' title='bbox 235 2899 385 2964; x_wconf 88' lang='lat' dir='ltr'><strong>anhelum</strong></span> <span class='ocrx_word' id='word_1_183' title='bbox 412 2905 545 2982; x_wconf 87' lang='lat' dir='ltr'><strong>pectus,</strong></span> <span class='ocrx_word' id='word_1_184' title='bbox 578 2921 707 2967; x_wconf 88' lang='lat' dir='ltr'><strong>raucum</strong></span> <span class='ocrx_word' id='word_1_185' title='bbox 740 2921 883 2964; x_wconf 89' lang='lat' dir='ltr'><strong>murmur</strong></span> <span class='ocrx_word' id='word_1_186' title='bbox 911 2904 943 2962; x_wconf 90' lang='lat' dir='ltr'><strong>et</strong></span> <span class='ocrx_word' id='word_1_187' title='bbox 980 2897 1079 2960; x_wconf 85' lang='lat' dir='ltr'><strong>mesta</strong></span> <span class='ocrx_word' id='word_1_188' title='bbox 1101 2885 1249 2970; x_wconf 71' lang='lat' dir='ltr'><strong>strepitis,</strong></span> 
     </span>
     <span class='ocr_line' id='line_1_25' title="bbox 87 2993 1249 3088; baseline -0.012 -20"><span class='ocrx_word' id='word_1_189' title='bbox 87 3005 221 3068; x_wconf 88' lang='lat' dir='ltr'><strong>odorem</strong></span> <span class='ocrx_word' id='word_1_190' title='bbox 246 3005 346 3068; x_wconf 90' lang='lat' dir='ltr'><strong>tocius</strong></span> <span class='ocrx_word' id='word_1_191' title='bbox 381 3005 522 3088; x_wconf 90' lang='lat' dir='ltr'><strong>corporis</strong></span> <span class='ocrx_word' id='word_1_192' title='bbox 553 3005 723 3071; x_wconf 88' lang='lat' dir='ltr'><strong>molestum</strong></span> <span class='ocrx_word' id='word_1_193' title='bbox 748 3005 959 3088; x_wconf 87' lang='lat' dir='ltr'><strong>precipueque</strong></span> <span class='ocrx_word' id='word_1_194' title='bbox 986 2996 1117 3066; x_wconf 87' lang='lat' dir='ltr'><strong>alienati</strong></span> <span class='ocrx_word' id='word_1_195' title='bbox 1140 2993 1249 3058; x_wconf 80' lang='lat' dir='ltr'><strong>vultus</strong></span> 
     </span>
     <span class='ocr_line' id='line_1_26' title="bbox 89 3096 1248 3194; baseline -0.012 -20"><span class='ocrx_word' id='word_1_196' title='bbox 89 3111 278 3188; x_wconf 88' lang='lat' dir='ltr'><strong>horrorem,</strong></span> <span class='ocrx_word' id='word_1_197' title='bbox 314 3132 375 3194; x_wconf 90' lang='lat' dir='ltr'><strong>qus</strong></span> <span class='ocrx_word' id='word_1_198' title='bbox 399 3112 507 3174; x_wconf 89' lang='lat' dir='ltr'><strong>omnia</strong></span> <span class='ocrx_word' id='word_1_199' title='bbox 530 3111 656 3176; x_wconf 78' lang='lat' dir='ltr'><strong>facilius</strong></span> <span class='ocrx_word' id='word_1_200' title='bbox 686 3132 722 3175; x_wconf 90' lang='lat' dir='ltr'><strong>ao</strong></span> <span class='ocrx_word' id='word_1_201' title='bbox 748 3109 848 3175; x_wconf 82' lang='lat' dir='ltr'><strong>veluti</strong></span> <span class='ocrx_word' id='word_1_202' title='bbox 883 3109 915 3170; x_wconf 94' lang='lat' dir='ltr'><strong>in</strong></span> <span class='ocrx_word' id='word_1_203' title='bbox 947 3109 1131 3190; x_wconf 89' lang='lat' dir='ltr'><strong>promptum</strong></span> <span class='ocrx_word' id='word_1_204' title='bbox 1155 3101 1187 3163; x_wconf 91' lang='lat' dir='ltr'><strong>et</strong></span> <span class='ocrx_word' id='word_1_205' title='bbox 1208 3096 1248 3161; x_wconf 92' lang='lat' dir='ltr'><strong>ad</strong></span> 
     </span>
     <span class='ocr_line' id='line_1_27' title="bbox 91 3204 1259 3295; baseline -0.014 -15"><span class='ocrx_word' id='word_1_206' title='bbox 91 3237 225 3280; x_wconf 86' lang='lat' dir='ltr'><strong>manum</strong></span> <span class='ocrx_word' id='word_1_207' title='bbox 248 3213 403 3280; x_wconf 87' lang='lat' dir='ltr'><strong>collocata</strong></span> <span class='ocrx_word' id='word_1_208' title='bbox 427 3221 624 3295; x_wconf 83' lang='lat' dir='ltr'><strong>succurrent,</strong></span> <span class='ocrx_word' id='word_1_209' title='bbox 654 3216 754 3279; x_wconf 89' lang='lat' dir='ltr'><strong>sicui</strong></span> <span class='ocrx_word' id='word_1_210' title='bbox 780 3213 981 3278; x_wconf 84' lang='lat' dir='ltr'><strong>familiariter</strong></span> <span class='ocrx_word' id='word_1_211' title='bbox 1014 3204 1174 3272; x_wconf 86' lang='lat' dir='ltr'><strong>observari</strong></span> <span class='ocrx_word' id='word_1_212' title='bbox 1199 3223 1259 3290; x_wconf 51' lang='lat' dir='ltr'><strong>ces</strong></span> 
     </span>
     <span class='ocr_line' id='line_1_28' title="bbox 90 3309 1247 3406; baseline -0.011 -21"><span class='ocrx_word' id='word_1_213' title='bbox 90 3320 180 3406; x_wconf 87' lang='lat' dir='ltr'><strong>perit</strong></span> <span class='ocrx_word' id='word_1_214' title='bbox 203 3321 440 3384; x_wconf 88' lang='lat' dir='ltr'><strong>memorandum</strong></span> <span class='ocrx_word' id='word_1_215' title='bbox 462 3320 591 3405; x_wconf 88' lang='lat' dir='ltr'><strong>aliquod</strong></span> <span class='ocrx_word' id='word_1_216' title='bbox 618 3324 785 3404; x_wconf 88' lang='lat' dir='ltr'><strong>conspecte</strong></span> <span class='ocrx_word' id='word_1_217' title='bbox 812 3317 924 3382; x_wconf 88' lang='lat' dir='ltr'><strong>mortis</strong></span> <span class='ocrx_word' id='word_1_218' title='bbox 951 3312 1142 3395; x_wconf 87' lang='lat' dir='ltr'><strong>exemplum.</strong></span> <span class='ocrx_word' id='word_1_219' title='bbox 1187 3309 1247 3374; x_wconf 81' lang='lat' dir='ltr'><strong>Te-</strong></span> 
     </span>
     <span class='ocr_line' id='line_1_29' title="bbox 91 3414 1249 3508; baseline -0.012 -16"><span class='ocrx_word' id='word_1_220' title='bbox 91 3429 205 3492; x_wconf 88' lang='lat' dir='ltr'><strong>uacior</strong></span> <span class='ocrx_word' id='word_1_221' title='bbox 238 3425 320 3488; x_wconf 89' lang='lat' dir='ltr'><strong>enim</strong></span> <span class='ocrx_word' id='word_1_222' title='bbox 355 3425 436 3488; x_wconf 89' lang='lat' dir='ltr'><strong>solet</strong></span> <span class='ocrx_word' id='word_1_223' title='bbox 464 3446 529 3489; x_wconf 90' lang='lat' dir='ltr'><strong>osse</strong></span> <span class='ocrx_word' id='word_1_224' title='bbox 553 3426 692 3490; x_wconf 86' lang='lat' dir='ltr'><strong>visorum</strong></span> <span class='ocrx_word' id='word_1_225' title='bbox 721 3430 818 3508; x_wconf 87' lang='lat' dir='ltr'><strong>atque</strong></span> <span class='ocrx_word' id='word_1_226' title='bbox 850 3423 1030 3486; x_wconf 90' lang='lat' dir='ltr'><strong>auditorum</strong></span> <span class='ocrx_word' id='word_1_227' title='bbox 1060 3414 1249 3493; x_wconf 89' lang='lat' dir='ltr'><strong>recordacio,</strong></span> 
     </span>
     <span class='ocr_line' id='line_1_30' title="bbox 92 3521 1249 3620; baseline -0.013 -21"><span class='ocrx_word' id='word_1_228' title='bbox 92 3555 192 3620; x_wconf 91' lang='lat' dir='ltr'><strong>quam</strong></span> <span class='ocrx_word' id='word_1_229' title='bbox 217 3531 257 3594; x_wconf 96' lang='lat' dir='ltr'><strong>ob</strong></span> <span class='ocrx_word' id='word_1_230' title='bbox 282 3551 408 3596; x_wconf 88' lang='lat' dir='ltr'><strong>causam</strong></span> <span class='ocrx_word' id='word_1_231' title='bbox 431 3553 495 3596; x_wconf 91' lang='lat' dir='ltr'><strong>uon</strong></span> <span class='ocrx_word' id='word_1_232' title='bbox 519 3533 586 3596; x_wconf 90' lang='lat' dir='ltr'><strong>sine</strong></span> <span class='ocrx_word' id='word_1_233' title='bbox 610 3531 676 3594; x_wconf 88' lang='lat' dir='ltr'><strong>alto</strong></span> <span class='ocrx_word' id='word_1_234' title='bbox 700 3529 833 3595; x_wconf 93' lang='lat' dir='ltr'><strong>consilio</strong></span> <span class='ocrx_word' id='word_1_235' title='bbox 856 3529 888 3592; x_wconf 93' lang='lat' dir='ltr'><strong>in</strong></span> <span class='ocrx_word' id='word_1_236' title='bbox 913 3524 1103 3612; x_wconf 89' lang='lat' dir='ltr'><strong>quibusdam</strong></span> <span class='ocrx_word' id='word_1_237' title='bbox 1129 3521 1249 3588; x_wconf 83' lang='lat' dir='ltr'><strong>devotis</strong></span> 
     </span>
     <span class='ocr_line' id='line_1_31' title="bbox 93 3631 1249 3725; baseline -0.01 -21"><span class='ocrx_word' id='word_1_238' title='bbox 93 3636 307 3725; x_wconf 80' lang='lat' dir='ltr'><strong>religionibus</strong></span> <span class='ocrx_word' id='word_1_239' title='bbox 328 3641 426 3721; x_wconf 82' lang='lat' dir='ltr'><strong>atque</strong></span> <span class='ocrx_word' id='word_1_240' title='bbox 448 3636 656 3701; x_wconf 87' lang='lat' dir='ltr'><strong>sanctissimis</strong></span> <span class='ocrx_word' id='word_1_241' title='bbox 690 3658 789 3720; x_wconf 89' lang='lat' dir='ltr'><strong>usque</strong></span> <span class='ocrx_word' id='word_1_242' title='bbox 822 3635 918 3698; x_wconf 88' lang='lat' dir='ltr'><strong>eciam</strong></span> <span class='ocrx_word' id='word_1_243' title='bbox 954 3632 993 3696; x_wconf 90' lang='lat' dir='ltr'><strong>ad</strong></span> <span class='ocrx_word' id='word_1_244' title='bbox 1018 3631 1100 3695; x_wconf 84' lang='lat' dir='ltr'><strong>hauc</strong></span> <span class='ocrx_word' id='word_1_245' title='bbox 1123 3634 1249 3705; x_wconf 88' lang='lat' dir='ltr'><strong>etatem,</strong></span> 
     </span>
     <span class='ocr_line' id='line_1_32' title="bbox 94 3731 1249 3830; baseline -0.011 -22"><span class='ocrx_word' id='word_1_246' title='bbox 94 3765 158 3830; x_wconf 90' lang='lat' dir='ltr'><strong>qne</strong></span> <span class='ocrx_word' id='word_1_247' title='bbox 184 3742 275 3806; x_wconf 92' lang='lat' dir='ltr'><strong>bonis</strong></span> <span class='ocrx_word' id='word_1_248' title='bbox 308 3741 449 3806; x_wconf 88' lang='lat' dir='ltr'><strong>moribus</strong></span> <span class='ocrx_word' id='word_1_249' title='bbox 472 3741 600 3806; x_wconf 89' lang='lat' dir='ltr'><strong>inimica</strong></span> <span class='ocrx_word' id='word_1_250' title='bbox 623 3747 688 3818; x_wconf 87' lang='lat' dir='ltr'><strong>est,</strong></span> <span class='ocrx_word' id='word_1_251' title='bbox 722 3741 779 3805; x_wconf 90' lang='lat' dir='ltr'><strong>illa</strong></span> <span class='ocrx_word' id='word_1_252' title='bbox 801 3738 994 3805; x_wconf 88' lang='lat' dir='ltr'><strong>consuetudo</strong></span> <span class='ocrx_word' id='word_1_253' title='bbox 1017 3735 1187 3819; x_wconf 88' lang='lat' dir='ltr'><strong>perdurat,</strong></span> <span class='ocrx_word' id='word_1_254' title='bbox 1211 3731 1249 3796; x_wconf 91' lang='lat' dir='ltr'><strong>ad</strong></span> 
     </span>
     <span class='ocr_line' id='line_1_33' title="bbox 94 3842 1248 3930; baseline -0.015 -14"><span class='ocrx_word' id='word_1_255' title='bbox 94 3846 290 3916; x_wconf 89' lang='lat' dir='ltr'><strong>cernendum</strong></span> <span class='ocrx_word' id='word_1_256' title='bbox 313 3869 446 3930; x_wconf 88' lang='lat' dir='ltr'><strong>corpora</strong></span> <span class='ocrx_word' id='word_1_257' title='bbox 469 3847 710 3926; x_wconf 81' lang='lat' dir='ltr'><strong>defunctorum,</strong></span> <span class='ocrx_word' id='word_1_258' title='bbox 750 3848 824 3911; x_wconf 91' lang='lat' dir='ltr'><strong>dum</strong></span> <span class='ocrx_word' id='word_1_259' title='bbox 848 3847 996 3910; x_wconf 88' lang='lat' dir='ltr'><strong>lavantur</strong></span> <span class='ocrx_word' id='word_1_260' title='bbox 1020 3842 1248 3924; x_wconf 85' lang='lat' dir='ltr'><strong>preparantur·</strong></span> 
     </span>
     <span class='ocr_line' id='line_1_34' title="bbox 95 3947 1249 4043; baseline -0.015 -21"><span class='ocrx_word' id='word_1_261' title='bbox 95 3978 158 4043; x_wconf 91' lang='lat' dir='ltr'><strong>que</strong></span> <span class='ocrx_word' id='word_1_262' title='bbox 180 3952 363 4038; x_wconf 85' lang='lat' dir='ltr'><strong>sepulture,</strong></span> <span class='ocrx_word' id='word_1_263' title='bbox 394 3953 533 4018; x_wconf 88' lang='lat' dir='ltr'><strong>eiusdem</strong></span> <span class='ocrx_word' id='word_1_264' title='bbox 557 3952 653 4034; x_wconf 84' lang='lat' dir='ltr'><strong>rigidi</strong></span> <span class='ocrx_word' id='word_1_265' title='bbox 676 3953 833 4036; x_wconf 92' lang='lat' dir='ltr'><strong>propositi</strong></span> <span class='ocrx_word' id='word_1_266' title='bbox 867 3953 1059 4034; x_wconf 76' lang='lat' dir='ltr'><strong>professores</strong></span> <span class='ocrx_word' id='word_1_267' title='bbox 1080 3947 1249 4020; x_wconf 89' lang='lat' dir='ltr'><strong>intersunt,</strong></span> 
     </span>
     <span class='ocr_line' id='line_1_35' title="bbox 96 4051 1249 4142; baseline -0.016 -13"><span class='ocrx_word' id='word_1_268' title='bbox 96 4069 132 4128; x_wconf 90' lang='lat' dir='ltr'><strong>ut</strong></span> <span class='ocrx_word' id='word_1_269' title='bbox 156 4059 282 4127; x_wconf 87' lang='lat' dir='ltr'><strong>scilicet</strong></span> <span class='ocrx_word' id='word_1_270' title='bbox 303 4057 395 4122; x_wconf 86' lang='lat' dir='ltr'><strong>triste</strong></span> <span class='ocrx_word' id='word_1_271' title='bbox 419 4057 695 4142; x_wconf 89' lang='lat' dir='ltr'><strong>miserandumque</strong></span> <span class='ocrx_word' id='word_1_272' title='bbox 718 4057 933 4141; x_wconf 84' lang='lat' dir='ltr'><strong>spectaculum</strong></span> <span class='ocrx_word' id='word_1_273' title='bbox 957 4055 1056 4120; x_wconf 88' lang='lat' dir='ltr'><strong>oculis</strong></span> <span class='ocrx_word' id='word_1_274' title='bbox 1074 4051 1249 4115; x_wconf 88' lang='lat' dir='ltr'><strong>subiectum</strong></span> 
     </span>
     <span class='ocr_line' id='line_1_36' title="bbox 97 4152 1248 4246; baseline -0.014 -14"><span class='ocrx_word' id='word_1_275' title='bbox 97 4175 128 4232; x_wconf 85' lang='lat' dir='ltr'><strong>et</strong></span> <span class='ocrx_word' id='word_1_276' title='bbox 144 4164 330 4231; x_wconf 88' lang='lat' dir='ltr'><strong>memoriam</strong></span> <span class='ocrx_word' id='word_1_277' title='bbox 346 4183 469 4246; x_wconf 90' lang='lat' dir='ltr'><strong>semper</strong></span> <span class='ocrx_word' id='word_1_278' title='bbox 484 4163 651 4227; x_wconf 85' lang='lat' dir='ltr'><strong>admoneat</strong></span> <span class='ocrx_word' id='word_1_279' title='bbox 667 4168 699 4226; x_wconf 83' lang='lat' dir='ltr'><strong>et</strong></span> <span class='ocrx_word' id='word_1_280' title='bbox 711 4163 833 4226; x_wconf 88' lang='lat' dir='ltr'><strong>animos</strong></span> <span class='ocrx_word' id='word_1_281' title='bbox 849 4161 1057 4244; x_wconf 88' lang='lat' dir='ltr'><strong>superstitum</strong></span> <span class='ocrx_word' id='word_1_282' title='bbox 1074 4157 1115 4220; x_wconf 92' lang='lat' dir='ltr'><strong>ab</strong></span> <span class='ocrx_word' id='word_1_283' title='bbox 1126 4155 1160 4240; x_wconf 88' lang='lat' dir='ltr'><strong>[l.</strong></span> <span class='ocrx_word' id='word_1_284' title='bbox 1173 4152 1248 4240; x_wconf 82' lang='lat'>266]</span> 
     </span>
     <span class='ocr_line' id='line_1_37' title="bbox 96 4259 1249 4354; baseline -0.01 -18"><span class='ocrx_word' id='word_1_285' title='bbox 96 4271 183 4336; x_wconf 89' lang='lat' dir='ltr'><strong>omni</strong></span> <span class='ocrx_word' id='word_1_286' title='bbox 207 4291 264 4354; x_wconf 90' lang='lat' dir='ltr'><strong>spe</strong></span> <span class='ocrx_word' id='word_1_287' title='bbox 286 4269 396 4333; x_wconf 87' lang='lat' dir='ltr'><strong>mundi</strong></span> <span class='ocrx_word' id='word_1_288' title='bbox 419 4267 542 4353; x_wconf 85' lang='lat' dir='ltr'><strong>fugacis</strong></span> <span class='ocrx_word' id='word_1_289' title='bbox 565 4268 749 4334; x_wconf 82' lang='lat' dir='ltr'><strong>exterreat³</strong></span> <span class='ocrx_word' id='word_1_290' title='bbox 769 4313 1027 4332; x_wconf 90' lang='grc'>...........</span> <span class='ocrx_word' id='word_1_291' title='bbox 1042 4259 1078 4348; x_wconf 85' lang='lat' dir='ltr'><strong>[i.</strong></span> <span class='ocrx_word' id='word_1_292' title='bbox 1096 4259 1197 4345; x_wconf 68' lang='grc' dir='ltr'>26η.</span> <span class='ocrx_word' id='word_1_293' title='bbox 1216 4309 1223 4324; x_wconf 95' lang='grc'><strong>.</strong></span> <span class='ocrx_word' id='word_1_294' title='bbox 1243 4303 1249 4323; x_wconf 87' lang='grc'><strong>.</strong></span> 
     </span>
    </p>
   </div>
   <div class='ocr_carea' id='block_1_3' title="bbox 99 4433 1251 4598">
    <p class='ocr_par' dir='ltr' id='par_1_4' title="bbox 99 4433 1251 4598">
     <span class='ocr_line' id='line_1_38' title="bbox 170 4433 1251 4511; baseline -0.012 -11"><span class='ocrx_word' id='word_1_295' title='bbox 170 4449 181 4500; x_wconf 93' lang='lat' dir='ltr'><strong>l</strong></span> <span class='ocrx_word' id='word_1_296' title='bbox 205 4441 627 4511; x_wconf 79' lang='lat' dir='ltr'><strong>FolgtdisstelleOpp.1032</strong></span> <span class='ocrx_word' id='word_1_297' title='bbox 653 4444 737 4510; x_wconf 82' lang='lat' dir='ltr'><strong>»quot</strong></span> <span class='ocrx_word' id='word_1_298' title='bbox 764 4443 829 4493; x_wconf 85' lang='lat' dir='ltr'><strong>sunt</strong></span> <span class='ocrx_word' id='word_1_299' title='bbox 848 4439 944 4492; x_wconf 72' lang='lat' dir='ltr'><strong>urbest</strong></span> <span class='ocrx_word' id='word_1_300' title='bbox 971 4435 1013 4489; x_wconf 88' lang='lat' dir='ltr'><strong>bis</strong></span> <span class='ocrx_word' id='word_1_301' title='bbox 1042 4433 1251 4506; x_wconf 78' lang='lat' dir='ltr'><strong>»aspirantibus</strong></span> 
     </span>
     <span class='ocr_line' id='line_1_39' title="bbox 99 4525 1251 4598; baseline -0.012 -8"><span class='ocrx_word' id='word_1_302' title='bbox 99 4531 246 4590; x_wconf 78' lang='lat' dir='ltr'><strong>consilinm</strong></span> <span class='ocrx_word' id='word_1_303' title='bbox 271 4529 334 4585; x_wconf 82' lang='lat' dir='ltr'><strong>do«.</strong></span> <span class='ocrx_word' id='word_1_304' title='bbox 429 4527 502 4584; x_wconf 82' lang='lat' dir='ltr'><strong>asc</strong></span> <span class='ocrx_word' id='word_1_305' title='bbox 526 4529 578 4583; x_wconf 88' lang='lat' dir='ltr'><strong>das</strong></span> <span class='ocrx_word' id='word_1_306' title='bbox 595 4530 729 4598; x_wconf 82' lang='lat' dir='ltr'><strong>concept,</strong></span> <span class='ocrx_word' id='word_1_307' title='bbox 755 4527 814 4583; x_wconf 89' lang='lat' dir='ltr'><strong>cod.</strong></span> <span class='ocrx_word' id='word_1_308' title='bbox 833 4525 934 4583; x_wconf 86' lang='lat' dir='ltr'><strong>modia.</strong></span> <span class='ocrx_word' id='word_1_309' title='bbox 1054 4525 1070 4578; x_wconf 83' lang='grc'><strong>3</strong></span> <span class='ocrx_word' id='word_1_310' title='bbox 1090 4527 1144 4580; x_wconf 87' lang='lat' dir='ltr'><strong>Der</strong></span> <span class='ocrx_word' id='word_1_311' title='bbox 1162 4539 1251 4594; x_wconf 79' lang='lat' dir='ltr'><strong>ganas</strong></span> 
     </span>
    </p>
   </div>
   <div class='ocr_carea' id='block_1_4' title="bbox 0 0 1527 5068">
    <p class='ocr_par' dir='ltr' id='par_1_5' title="bbox 0 0 1527 5068">
     <span class='ocr_line' id='line_1_40' title="bbox 0 0 1527 5068; baseline 0 0"><span class='ocrx_word' id='word_1_312' title='bbox 0 0 1527 5068; x_wconf 95' lang='lat' dir='ltr'><strong> </strong></span> 
     </span>
    </p>
   </div>
  </div>
 </body>
</html>
