2990 5068
814 389 877 456 160

267 564 358 630 libris
381 563 506 630 nullum
528 565 577 628 rel
601 564 767 630 minimum
792 570 889 651 queat
905 566 1045 632 fructum
1062 568 1237 654 percipere.
1287 569 1320 635 ld
1338 592 1425 655 quo-

267 691 328 754 qne
351 668 447 734 michi
471 670 585 735 nedum
619 671 674 736 sed
696 691 756 736 nec
778 673 892 737 ceteris
916 677 1009 757 turpe
1032 672 1151 738 dictum
1174 678 1256 760 puto
1273 673 1304 750 ¹,
1336 676 1426 758 quod

267 773 390 856 honori,
413 775 499 840 laudi
523 779 555 841 et
577 777 679 862 glorie
702 777 801 842 tantis
824 777 902 842 viris
918 779 1082 856 extiterit3
1106 778 1190 845 malo
1213 785 1323 845 autern
1347 802 1425 846 eum

266 879 328 963 hijs
346 901 462 959 errare,
486 902 579 965 quam
595 903 668 946 cum
682 880 755 946 aliis
771 887 858 947 recta
873 903 995 966 sapere.
1043 881 1192 968 Legimus
1202 883 1425 966 Jeronimnm,

268 983 482 1067 Lectancium,
505 989 599 1068 viros,
623 992 660 1052 ιιι
681 987 761 1054 elios
777 994 843 1054 tem
856 987 972 1054 Grecos
993 1011 1095 1074 quam
1111 988 1242 1056 Latinos
1257 991 1424 1072 omittam,

266 1090 426 1157 Ciceronis
454 1098 487 1158 et
521 1093 691 1177 gentilium
722 1093 940 1179 eloquentiam
970 1094 1065 1179 longa
1098 1095 1283 1176 imitantes,
1315 1101 1350 1162 et
1374 1097 1422 1182 hij

265 1203 370 1265 tamen
397 1198 434 1287 [f.
453 1197 544 1282 279³]
577 1200 752 1284 sapiencia,
793 1199 857 1265 vite
880 1199 1090 1266 sanctimonia
1112 1203 1208 1285 atque
1230 1201 1425 1288 integritate

264 1303 441 1371 floruerunt
459 1355 620 1374 ........

351 1409 459 1476 Unum
493 1411 596 1476 adhuc
618 1411 783 1476 dicendum
815 1433 897 1497 equo
919 1410 1056 1496 paciaris
1077 1413 1202 1493 animo,
1232 1435 1300 1480 oro.
1348 1412 1424 1480 Non

265 1517 429 1584 dissimulo
444 1518 600 1604 equidem,
617 1539 665 1582 me
678 1515 837 1582 Ciceronis
859 1517 988 1603 ingenio
1003 1523 1036 1582 et
1052 1517 1237 1602 eloquencia
1252 1518 1421 1599 delectari,

266 1623 392 1708 quibus,
415 1627 451 1686 ut
475 1621 658 1687 innumeros
672 1620 793 1700 sileam,
810 1620 1009 1687 Jeronimum
1031 1621 1139 1706 ipsum
1154 1644 1254 1708 usque
1270 1625 1352 1692 adeo
1368 1626 1423 1690 dc·

264 1726 418 1793 lactatum
442 1727 547 1804 video,
582 1731 621 1792 nt
641 1748 700 1793 nec
721 1727 842 1792 visione
870 1726 939 1793 ulla
961 1727 1099 1793 terribili
1123 1749 1180 1794 nec
1204 1728 1331 1796 Rullini
1356 1733 1423 1796 iur-

264 1833 327 1917 gijs
349 1834 395 1899 sic
417 1833 529 1898 stilum
550 1833 623 1898 inde
646 1833 825 1912 dimoverit,
850 1833 926 1918 quin
954 1831 1196 1898 Ciceronianum
1220 1835 1347 1921 aliquid
1370 1858 1421 1900 re-

265 1938 396 2016 doleret,
419 1939 503 2024 quod
527 1939 662 2023 ipsemet
684 1938 826 2004 senciens
849 1939 887 2004 dc
910 1939 970 2004 hoc
986 1939 1054 2023 ipse
1077 1938 1195 2006 alicubi
1220 1961 1254 2006 se
1279 1948 1421 2006 excusat.

265 2041 332 2109 Nec
354 2065 429 2111 vero
454 2042 564 2110 Cicero
594 2043 733 2109 fideliter
754 2065 791 2108 ec
814 2043 955 2110 modeste
981 2043 1082 2110 lectus
1115 2042 1154 2130 [f.
1180 2043 1257 2133 280]
1290 2051 1351 2111 aut
1373 2046 1423 2110 illi

264 2150 373 2215 nocuit
405 2153 461 2214 aut
489 2149 637 2234 cuiquem
670 2148 783 2229 elteri,
815 2170 885 2213 cunr
917 2149 955 2214 ad
980 2149 1197 2234 eloquenciem
1220 2151 1356 2231 cunctis,
1381 2152 1420 2216 ed

265 2255 365 2320 ritem
388 2254 499 2320 multis
529 2254 620 2320 valde
642 2253 816 2338 profuerit,
840 2254 1039 2334 nominatim,
1063 2259 1100 2318 ut
1122 2255 1198 2336 dixi,
1227 2256 1421 2340 Augustino,

264 2362 319 2446 qui
342 2383 380 2427 ex
394 2360 514 2446 Egipto
537 2359 682 2445 egressus
703 2359 893 2444 Egiptorum
916 2381 994 2424 auro
1015 2364 1048 2424 et
1070 2364 1205 2444 argento
1227 2360 1336 2426 sinum
1356 2362 1421 2425 sibi
1484 2385 1485 2428 ι

263 2467 484 2552 gremiumque
507 2464 695 2549 complevit,
728 2485 764 2530 ac
797 2469 905 2530 tentus
927 2463 1019 2548 pugil
1043 2464 1184 2546 ecclesie,
1209 2471 1318 2532 tentus
1341 2487 1418 2550 pro-

263 2578 424 2658 pugnator
446 2573 518 2638 fidei
542 2573 687 2650 tuturus,
717 2577 887 2656 antequam
912 2570 945 2634 in
969 2571 1067 2636 eciem
1092 2570 1315 2646 descenderet,
1350 2594 1420 2637 sese

262 2678 359 2743 ermis
383 2677 524 2743 hostium
547 2675 760 2743 circumfulsit
773 2675 796 2741 ².
843 2674 912 2752 Qua
933 2676 967 2739 in
1001 2697 1035 2740 re
1063 2675 1205 2742 maximo
1228 2699 1337 2742 errore
1359 2679 1420 2742 du·

264 2783 355 2860 cerie,
378 2781 486 2869 qu0d³
503 2786 544 2848 ab
561 2783 620 2848 hec
636 2788 705 2848 orte
722 2782 934 2847 humanitatis
951 2803 1001 2846 me
1017 2780 1180 2846 retrahere
1191 2781 1291 2865 cupis,
1319 2805 1418 2867 qnam
1483 2767 1484 2842 ι

266 2888 392 2972 quidem
417 2888 622 2972 oppinionem
636 2892 725 2953 tuam
742 2888 788 2954 sic
805 2887 953 2952 involans
967 2892 1010 2965 et,
1034 2891 1071 2951 ut
1093 2887 1204 2970 pocius
1219 2887 1333 2968 dicam,
1355 2888 1419 2952 im-

263 2994 358 3077 piam,
382 3014 467 3058 nuuc
488 2994 678 3078 impugnare
700 2993 826 3073 omitto,
850 2993 1001 3077 quoniam
1018 3013 1055 3055 ea
1071 3012 1120 3056 res
1141 2990 1319 3076 longiorem
1344 3014 1419 3075 pos-

264 3106 350 3165 ceret
373 3099 540 3184 epistolem
562 3102 595 3162 et
617 3097 749 3162 alterius
779 3097 822 3162 sit
846 3098 906 3162 looi
936 3102 968 3163 et
990 3096 1153 3180 temporis.
1200 3095 1342 3162 Tantum
1368 3099 1418 3162 in-

263 3205 499 3290 presentiarum
522 3205 564 3269 sit
579 3203 737 3287 attigisse,
760 3208 797 3266 ut
812 3202 985 3286 intelligas,
1009 3201 1112 3266 literis
1127 3202 1267 3266 externis
1282 3207 1316 3267 et
1338 3223 1419 3287 gen·

262 3311 373 3376 tilibus
397 3308 582 3394 frequenter
604 3308 757 3374 inservire
791 3309 939 3393 ipsaeque
974 3307 1123 3373 memorie
1146 3308 1303 3373 tenaciter
1327 3330 1416 3374 com-

262 3417 410 3482 mendere
433 3421 465 3482 et
486 3415 592 3481 omnia
615 3415 789 3500 perlegere,
814 3415 896 3479 bona
918 3421 951 3478 et
974 3414 1069 3494 male,
1092 3414 1337 3498 diligentissime
1359 3435 1415 3480 cn·

262 3545 375 3590 remrrs.
423 3521 524 3603 Nam,
557 3525 594 3586 ut
621 3521 728 3607 inquit
750 3519 966 3596 Quintilianus
988 3523 1096 3584 orator
1129 3540 1290 3585 summus:
1331 3519 1417 3584 »lni-

262 3649 397 3713 quorum
420 3627 576 3693 noscenda
599 3632 646 3692 eet
669 3627 764 3706 racio,
787 3631 825 3688 ιιι
849 3623 961 3689 melius
988 3646 1071 3710 equa
1085 3627 1264 3690 tacentum
1303 3626 1415 3710 Augu·
1481 3709 1482 3716 ἵ

261 3734 364 3797 ιιιιιιιι
398 3739 552 3817 preterea,
576 3753 736 3798 sacrarum
759 3731 926 3796 literarum
949 3731 1070 3809 lumen,
1100 3751 1159 3814 pro
1182 3751 1238 3794 sue
1260 3729 1418 3796 facultate
1481 3719 1482 3730 ¹

260 3839 292 3902 in
317 3839 399 3904 libro
422 3839 460 3904 de
481 3839 548 3903 vite
570 3837 746 3904 christiana
760 3857 817 3902 nos
834 3837 977 3902 hortasse
1007 3837 1092 3902 visus
1108 3841 1177 3901 est:
1202 3837 1416 3902 »disseremus

261 3945 353 4025 bona,
376 3944 494 4030 inquit,
517 3943 557 4008 eb
580 3943 647 4007 illis
668 3942 846 4028 gentilibus
869 3948 1036 4027 tamquam
1061 3943 1103 4006 ab
1126 3941 1269 4026 indignis
1292 3965 1414 4028 possm·

259 4050 412 4118 aeribus«
431 4049 443 4084 ⁴
464 4087 501 4098 -
520 4048 727 4114 Prolixiorem
745 4070 794 4113 me
817 4047 915 4113 luisse
939 4047 1101 4132 intelligo,
1123 4047 1224 4112 frater
1240 4049 1415 4124 carimime,

260 4179 354 4240 quam
379 4175 623 4240 proposueram
646 4175 754 4220 rerum
778 4153 834 4218 ubi
851 4153 964 4236 incepi,
988 4154 1034 4218 ita
1050 4153 1154 4219 multa
1168 4160 1356 4235 occurrunt,
1378 4159 1413 4218 ιιι

332 4331 345 4384 l
365 4329 406 4382 lm
425 4330 541 4399 concept
561 4328 643 4384 velim
664 4263 920 4398 ebergesehrieien.
972 4327 989 4381 2
1008 4325 1103 4383 Dieser
1116 4325 1261 4382 absohnitt
1283 4327 1326 4382 bis
1344 4327 1415 4382 hier-

260 4415 309 4475 her
327 4437 377 4473 aus
397 4417 536 4481 Petrarca,
557 4417 596 4472 De
608 4415 771 4486 ignorantia
789 4417 841 4471 etc.
862 4415 945 4487 [Opp.
967 4415 1055 4488 11621.
1153 4412 1230 4471 3111:
1251 4419 1369 4488 concept
1385 4416 1413 4468 in

258 4509 306 4577 qui
324 4505 465 4576 corrigirt.
535 4505 553 4558 4
576 4507 637 4576 Vgl.
657 4509 729 4562 oben
748 4525 769 4560 s.
789 4505 831 4562 99.
