2990 5068
621 387 684 453 109

63 587 271 643 Gru-tantsilr
289 585 427 657 gedruckt
447 605 500 642 rou
521 587 565 644 W.
579 589 673 658 hlsyar
692 588 709 641 i.
730 587 959 659 dSitrungsber.
979 591 1006 644 d.
1027 590 1136 646 Mdnch.
1153 590 1227 645 Aha·

82 674 188 731 damis
226 672 780 745 Philus-philol.01aasa1885p.369².
828 680 880 731 Am
899 676 1005 732 schluas
1023 679 1101 732 steht
1119 677 1209 734 noch:

161 799 342 868 Precandua
366 807 447 865 assat
468 801 545 866 deus
561 803 639 886 ipse,
663 807 820 888 quatenus
836 825 893 867 sua
909 802 1137 886 benignissima
1152 823 1227 886 gra-

68 910 122 972 cia
147 907 399 972 misericorditer
428 928 486 973 nos
509 907 681 992 respiceret
704 914 736 972 et
768 929 971 994 quamquam,
1000 911 1036 971 ut
1059 907 1155 991 vulgo
1177 905 1230 970 hic

66 1013 204 1090 dicitur,
220 1013 250 1076 d.
267 1010 446 1078 cardinalis
462 1034 523 1076 non
544 1018 674 1097 sponte,
697 1019 746 1078 set
760 1016 887 1078 coactus
902 1016 936 1078 et
951 1011 1123 1096 instigatus
1137 1032 1228 1076 man-

67 1118 210 1194 daverit,
234 1116 286 1182 hic
300 1117 423 1181 cantari
440 1117 568 1181 missum
584 1117 680 1182 semel
703 1118 736 1182 in
760 1117 942 1196 ebdomada,
965 1116 1075 1202 paucis
1098 1116 1227 1182 adiunc-

68 1223 113 1285 tis
140 1219 368 1305 indulgencijs,
392 1243 462 1286 cum
478 1224 585 1286 tamen
601 1242 661 1305 pro
683 1222 820 1287 arcenda
838 1226 895 1286 aut
909 1222 1013 1287 fienda
1033 1222 1143 1306 pluvia
1159 1226 1229 1300 etc,

68 1333 107 1390 nt
132 1325 252 1392 horrea
273 1325 444 1392 frumentis
467 1327 698 1410 implerentur,
730 1328 793 1392 iam
818 1328 936 1392 dudum
961 1326 1175 1413 indulgencijs
1197 1331 1231 1391 et

69 1431 331 1514 processionibus
349 1431 535 1495 ordinandis
550 1431 725 1516 aliquando
747 1454 874 1517 semper
889 1434 1011 1518 largior
1027 1434 1150 1512 fuisset,
1174 1431 1230 1496 hec

68 1541 104 1600 et
126 1534 196 1600 alia
218 1541 298 1620 aput
330 1536 463 1622 vulgum
497 1536 650 1601 ventilata
684 1536 746 1620 hijs
776 1537 886 1602 diebus
917 1539 1089 1624 aliquando
1122 1536 1231 1602 audire

68 1641 170 1708 dolui.
218 1640 332 1708 Testor
354 1642 457 1721 deum,
481 1663 557 1726 agra
580 1665 632 1708 ms
654 1643 746 1722 farre,
771 1665 843 1710 cum
866 1643 998 1728 obloqui
1014 1645 1108 1708 audio
1131 1643 1230 1707 statui

70 1745 240 1828 spirituali
264 1750 321 1811 aut
344 1746 513 1811 detrahere
534 1747 750 1814 sacerdotibus
763 1797 855 1815 .....

550 1983 758 1990 ...-.-—.—...—.

623 2182 684 2255 55.

74 2318 273 2392 Hermann
301 2317 457 2394 Schedel
485 2344 534 2395 an
567 2321 783 2395 Hartmann
806 2321 973 2399 Schsdcl.
1014 2325 1230 2421 [Augsburg

456 2443 553 2517 1464
581 2445 678 2518 nach
699 2443 866 2541 fasten¹].

76 2597 143 2652 clm
164 2596 218 2651 224
237 2595 258 2653 l.
276 2597 329 2653 230
350 2598 470 2668 ainlaga.
517 2597 687 2655 Rcinschrift
712 2601 784 2656 ohna
812 2599 923 2656 adtonso
951 2600 1007 2655 und
1026 2599 1235 2657 untarschrilt².

77 2703 388 2806 llberscndung
412 2723 754 2788 medicinischar
771 2723 927 2789 bsscher
944 2723 1234 2811 [nachPadunJ.

169 2859 314 2927 Salutem
329 2862 501 2946 plurimam
518 2863 676 2947 impartit.
727 2862 848 2929 Patrue
862 2866 1089 2930 amantissime.
1130 2863 1236 2930 Litora

81 2973 139 3032 tna
161 2967 244 3032 mihi
266 2969 435 3034 admodum
459 2968 549 3033 tarde
565 2969 657 3033 iuxta
679 2970 790 3035 datum
808 2992 915 3036 earum
930 2974 1123 3056 presentata,
1147 2968 1237 3033 valde

81 3073 191 3138 miror.
221 3071 403 3158 Antequam
418 3073 503 3138 enim
520 3074 600 3138 mihi
615 3075 893 3159 presentabantur‚
912 3073 1164 3158 Nurembergnm
1180 3074 1234 3138 de·

79 3177 146 3242 late
177 3176 318 3244 fuerant.
373 3177 410 3242 In
445 3179 561 3264 quibus
594 3178 768 3244 narencium
803 3178 961 3245 librorum
991 3177 1145 3244 medicine
1180 3199 1237 3262 pro

84 3283 192 3348 studio
226 3286 353 3367 incepto
375 3304 412 3349 ac
434 3284 495 3349 tibi
526 3285 649 3349 eosdem
679 3286 857 3369 comparari
880 3307 937 3369 par
961 3306 1010 3349 me
1039 3304 1237 3366 summopere

81 3389 190 3474 optari
213 3388 369 3474 intelligo.
416 3387 565 3455 Gererern
583 3412 702 3455 morem
726 3391 884 3455 voluntati
908 3396 973 3469 tue,
996 3390 1023 3454 si
1039 3387 1176 3468 venales,
1199 3395 1237 3452 ut

86 3501 258 3572 autumas,
286 3497 497 3562 occurrerent
546 3494 659 3560 Multis
691 3496 753 3561 iam
776 3496 869 3560 annia
897 3517 955 3578 per
985 3495 1053 3559 loca
1084 3493 1239 3559 distaucia

85 3599 175 3665 valde
199 3620 260 3684 pro
282 3599 367 3664 bono
390 3600 535 3666 habendo
552 3601 715 3666 Avicenna
738 3600 899 3678 laboravi,
923 3605 972 3666 set
995 3621 1157 3683 nunquam
1180 3619 1237 3682 op·

86 3711 191 3770 tatum
215 3705 366 3792 consequi
390 3707 491 3791 potui.
537 3705 667 3772 Perrari
690 3712 766 3771 snut
787 3707 863 3771 libri
887 3706 966 3772 tales
981 3711 1061 3791 aput
1084 3727 1140 3769 noa
1165 3709 1197 3768 et
1211 3703 1238 3768 si

85 3812 277 3896 quandoque
300 3814 514 3896 reperiuntur,
536 3833 595 3898 pro
618 3813 756 3878 maximo
787 3817 893 3876 tamen
916 3811 1098 3876 venduntur
1121 3808 1238 3892 precio.

86 3915 248 3981 Recordor
271 3938 320 3981 me
342 3923 415 3982 anta
437 3917 561 4003 aliquot
585 3924 729 4002 tempora
747 3916 947 4000 conspexisse
961 3915 1156 3980 Aricannam
1173 3934 1238 3975 mn·

85 4020 181 4104 gistri
197 4018 341 4086 Heinrici
358 4021 524 4101 Cnolner⁸‚
549 4025 603 4107 qui
619 4024 697 4088 mihi
720 4045 833 4108 parum
858 4027 935 4087 tunc
957 4019 1088 4104 placuit.
1127 4015 1238 4093 Credo,

654 4150 673 4188 a

159 4209 336 4283 lDatirnng
353 4213 427 4268 nach
446 4231 487 4268 nr.
507 4215 549 4271 56.
594 4209 646 4269 Dia
661 4212 822 4282 jahreasahl
850 4211 989 4283 gasichart
1013 4209 1099 4264 durch
1127 4209 1172 4265 dia
1197 4225 1240 4263 ar·

89 4301 235 4371 'obnung
254 4299 427 4355 hartmanus
446 4301 474 4355 in
495 4298 622 4369 Venedig
640 4317 661 4356 s.
683 4299 874 4355 wattenbach
892 4299 911 4353 l.
930 4316 952 4354 c.
972 4300 1032 4354 364.
1104 4299 1121 4352 2
1138 4295 1242 4365 Wenig

88 4387 298 4444 abvcicbandca
314 4389 432 4458 concept
449 4387 521 4444 datu
533 4387 581 4445 fol.
593 4389 629 4443 26
641 4386 761 4458 einlaga.
833 4389 849 4442 3
866 4385 1049 4455 Nnrnbargar
1063 4387 1133 4453 arat,
1153 4387 1241 4440 unten

89 4495 132 4536 nr.
151 4476 184 4532 ll
213 4474 315 4532 wieder
342 4477 478 4546 ganam
514 4475 611 4530 llinan
641 4473 717 4529 brial
741 4473 826 4530 Pater
841 4473 946 4530 Ludens
973 4491 1010 4528 an
1036 4472 1087 4528 ihu
1115 4473 1270 4548 arwahut·
