3002 5070
153 807 156 812 .
235 733 375 808 Lorenn
403 732 611 806 Blumenau
638 758 687 807 an
716 608 927 831 [Hoffmann
955 731 1135 830 Schedel}
1196 731 1389 826 Dillingen
1491 737 1492 742 ’

645 857 743 930 1457
773 855 864 930 febr.
899 854 982 929 13¹.

607 1008 671 1068 clm.
690 1007 741 1065 518
760 1011 778 1065 i.
801 1010 824 1066 1.
860 1007 1013 1066 Abschrift

234 1135 340 1220 Sagt
367 1133 439 1198 die
462 1136 811 1216 unterstfltnuup
841 1133 961 1199 eines
996 1130 1282 1217 bittgesnehs
1314 1131 1392 1196 des

350 1237 596 1324 Sigismund
622 1237 864 1304 Meisterlin
886 1238 992 1304 beim
1015 1236 1191 1303 bischof
1210 1259 1267 1301 zu.

322 1379 677 1444 Becommendacionem
690 1399 954 1464 prosperorumse
965 1397 1165 1443 successuum
1178 1378 1389 1443 incrementa.

237 1484 352 1568 Recepi
375 1483 479 1566 pridie
494 1483 613 1549 indices
629 1483 808 1550 inconcussi
825 1485 954 1563 amoris,
979 1490 1061 1563 tuas,
1085 1483 1261 1546 venerande
1276 1481 1394 1561 frater,

234 1591 344 1656 literas
366 1588 582 1673 periocundas,
606 1589 721 1675 quibus
743 1595 835 1655 tuum
851 1610 927 1674 erga
950 1611 999 1654 me
1015 1589 1127 1654 fiducie
1150 1591 1271 1670 pectus,
1296 1589 1387 1672 quod

235 1692 406 1780 gingnasij,
430 1697 543 1779 utpote
564 1695 708 1760 caritatis
731 1694 907 1774 elementa,
939 1695 1055 1760 dudum
1079 1693 1276 1760 conversatio
1300 1693 1392 1758 radi-

235 1805 371 1878 caverat,
394 1820 430 1863 ac
452 1801 614 1867 inunctam
644 1801 785 1866 humeris
808 1803 885 1865 meis
908 1801 1065 1865 sarcinam
1080 1799 1175 1865 facile
1198 1798 1304 1877 didici,
1329 1821 1395 1864 nec

233 1904 342 1970 statim
366 1905 524 1989 agendum
542 1906 617 1990 quid
637 1907 712 1971 duxi
736 1907 873 1992 dignius,
898 1927 993 1992 quam
1017 1926 1124 1990 preces
1148 1909 1229 1981 tuas,
1253 1926 1313 1990 que
1337 1905 1385 1969 si·

235 2011 302 2076 cuti
325 2009 472 2075 omnibus
500 2011 674 2077 virtutibus
707 2012 752 2077 ita
777 2011 985 2076 humanitatis
1018 2033 1143 2096 quoqne
1165 2008 1312 2074 laudibus
1339 2009 1393 2074 in·

235 2115 444 2180 structissime
460 2115 557 2197 inere,
581 2117 670 2182 avide
685 2117 895 2202 amplecterer
910 2116 1107 2200 fratremque
1119 2113 1389 2196 Sigismuudum²

236 2225 406 2305 propterea
430 2220 509 2285 mihi
532 2223 645 2307 utique
676 2222 899 2287 familiaritate
929 2226 1041 2287 notum
1063 2225 1096 2286 et
1118 2220 1312 2304 optimarum
1336 2241 1396 2285 ar·

236 2327 321 2393 oium
336 2325 440 2391 studio
456 2331 569 2392 nature
584 2328 666 2393 dono
681 2333 829 2394 ornatum
851 2349 888 2394 eo
913 2327 1150 2394 commendandi
1178 2346 1303 2408 genere,
1327 2349 1396 2411 quo

238 2431 287 2497 uti
311 2431 490 2497 accuratius
513 2435 678 2510 consuevi,
703 2443 782 2499 1¹³⁰.
806 2434 835 2500 d.
865 2457 905 2498 m.
929 2431 1106 2498 cardinali⁸
1142 2430 1396 2515 promovendum

238 2537 389 2603 commisi.
435 2535 531 2603 Cuius
554 2560 611 2604 nec
634 2540 763 2625 quidem
787 2540 893 2624 gracie
910 2538 999 2604 favor
1022 2560 1079 2603 nec
1099 2537 1173 2621 pins
1196 2537 1319 2621 ipsein
1345 2537 1395 2602 di-

239 2642 380 2728 rigendis
403 2642 583 2708 nacionibus
607 2645 745 2709 eiusdem
769 2645 870 2711 deerit
892 2644 1065 2722 coadiutor,
1091 2663 1198 2726 ymmo
1222 2641 1255 2706 ui
1279 2641 1396 2722 fallor,

239 2748 355 2812 eximia
376 2747 442 2811 sins
466 2747 664 2834 benignitate
686 2749 800 2833 optimi
824 2748 934 2813 fratris
949 2749 1150 2832 propositum
1174 2748 1268 2812 robor
1293 2746 1394 2811 breve
1496 2809 1497 2814 ,

240 2852 462 2918 uoumodicum
478 2854 620 2936 recipiet.
666 2853 779 2920 Cetera
794 2860 868 2920 note
885 2855 956 2920 fidei
975 2853 1090 2918 nuncio
1106 2851 1298 2918 commisisse
1315 2873 1394 2916 con-

239 2961 348 3023 tentus
376 2956 434 3022 fui.
489 2956 628 3023 Enervos
655 2963 762 3024 tamen
794 2960 934 3040 animos,
962 2981 1001 3023 ne
1025 2959 1056 3023 id
1080 2963 1211 3038 taceam,
1234 2957 1392 3023 virtutem

240 3061 351 3141 odisse,
373 3063 533 3146 sapientes
556 3063 677 3148 pariter
700 3071 732 3131 et
755 3065 953 3149 experientes
976 3067 1152 3140 testantur,
1176 3061 1286 3146 itaque
1308 3067 1341 3126 et
1365 3065 1391 3127 si

240 3167 440 3233 novercantis
456 3166 584 3234 fortune
598 3171 781 3236 immanitas
796 3170 841 3235 nil
860 3169 1027 3235 iocundum
1047 3167 1125 3233 mihi
1142 3166 1264 3245 attulit,
1284 3171 1394 3232 tamen

242 3276 275 3339 in
298 3273 436 3340 adversis
460 3276 553 3339 rebus
575 3277 746 3341 sevientem
777 3275 939 3342 fortunam
968 3276 1001 3340 in
1025 3273 1220 3339 adiutorium
1243 3273 1305 3337 mei
1331 3295 1393 3357 pu-

242 3383 317 3447 dore
340 3380 458 3445 victam
475 3387 657 3446 convertere
672 3382 772 3448 satius
795 3403 862 3447 esse
885 3382 1033 3456 arbitror,
1058 3401 1155 3465 quare
1178 3377 1294 3442 larium
1319 3383 1394 3444 tue-

243 3508 312 3550 rum
336 3492 443 3569 postes
470 3487 507 3550 de
530 3487 702 3570 precipicio
713 3488 747 3570 (t)
770 3488 885 3554 solacio
909 3492 1041 3572 propter
1064 3484 1184 3570 phisice
1213 3483 1293 3548 artis
1316 3506 1393 3568 pro-

242 3592 412 3678 prietatem
434 3593 684 3676 suspectissimus
706 3593 790 3658 iorte
822 3594 854 3658 in
880 3593 1032 3678 proximis
1056 3591 1164 3656 diebus
1187 3589 1390 3674 carnisprivii

243 3698 438 3764 confidenter
459 3699 621 3781 arripiam.
677 3696 806 3763 Utinam
831 3697 943 3763 Cerere
970 3702 1002 3762 et
1027 3696 1160 3773 Libero,
1184 3695 1252 3760 sine
1275 3696 1394 3781 quibus

244 3802 361 3868 ibidem
384 3802 483 3888 friget
498 3802 616 3884 Venus,
641 3806 856 3889 reperirentur
879 3803 1054 3868 informati.
1100 3800 1181 3866 Vale
1198 3822 1266 3865 niso
1285 3799 1392 3866 valere

244 3907 417 3974 iocundius.
465 3908 511 3972 Ex
533 3908 685 3995 Dilingen
708 3906 838 3995 id[ibus]
860 3905 1055 3994 Febr[uarii]
1079 3927 1162 3972 auno
1187 3903 1285 3972 LVII.

818 4007 1037 4098 Laur[encius]
1066 4007 1303 4098 Bln[menau‘].
1389 3995 1391 4000 ¹

810 4180 828 4219 a

317 4270 328 4322 l
349 4266 440 4322 Ueber
458 4264 504 4319 dio
521 4263 711 4333 beaiehnugen
724 4263 893 4319 Blumenaus
913 4281 946 4317 nn
960 4261 1075 4318 Schedel
1098 4281 1118 4316 s.
1134 4262 1325 4318 wattenbach
1345 4263 1364 4316 l.
1375 4280 1395 4318 c.

245 4357 297 4413 853
314 4353 344 4410 ff.
415 4351 616 4417 3Meisterlin;
638 4351 727 4422 vergi.
740 4349 1015 4408 Stadia-Chrouiken
1035 4349 1074 4406 111
1094 4349 1151 4404 und
1172 4351 1226 4404 deu
1245 4349 1398 4421 folgenden

244 4441 327 4496 briei.
396 4442 412 4496 3
431 4439 512 4495 Peter
531 4455 556 4492 v.
567 4436 764 4508 Sohanmburg
783 4439 872 4509 vergl.
882 4437 928 4495 SS.
948 4455 1001 4493 rer.
1021 4437 1140 4494 Prassio.
1160 4437 1207 4502 IV,
1227 4439 1261 4493 35
1280 4437 1308 4491 ff.
1381 4441 1396 4491 4

247 4529 297 4585 Ein
315 4526 389 4586 brief
405 4525 452 4582 des
462 4525 604 4585 Hermam
628 4525 741 4585 Schedel
762 4543 798 4586 aa
820 4525 975 4584 Meistarlin
1002 4524 1076 4598 [clm.
1095 4523 1146 4582 att
1165 4525 1184 4582 t.
1203 4525 1255 4579 200
1275 4523 1396 4598 sinlage]
