3002 5070
625 404 666 468 77

52 580 216 644 daverim.
262 577 494 646 Familiaritate
517 579 603 645 enim
638 580 703 644 iam
727 579 855 663 seriptis
878 578 1039 643 vobiscum
1062 579 1226 642 contracta

53 683 259 749 fiducialiter
289 684 393 750 fretus
423 685 605 772 significare
637 685 743 762 volui,
777 707 838 770 que
871 682 951 748 mihi
975 683 1096 768 scripta
1118 687 1225 748 vestra

54 789 186 874 legenti
209 789 370 856 acciderit.
415 789 565 856 Preterea
587 813 627 855 ne
651 813 687 856 ea
709 794 859 875 pretextu
882 787 1077 854 adulationis
1100 788 1182 852 vicio
1204 810 1223 850 a

55 913 108 958 rne
132 899 306 978 acceptare
328 895 434 961 velitis
447 895 468 975 ¹,
492 897 636 981 apprime
659 917 754 981 rogo;
776 895 895 960 famam
927 894 1063 980 denique
1085 897 1222 958 vestram

54 997 300 1084 literarumque
322 1002 473 1085 periciam
498 1003 689 1088 abantiquo
705 1003 783 1066 mihi
800 1001 965 1086 cognitam
986 1021 1111 1083 semper
1134 1019 1226 1081 mag·

57 1103 160 1170 nifeci
189 1111 224 1172 et
246 1127 310 1170 non
334 1105 506 1186 immerito,
530 1129 603 1170 nam
628 1129 696 1172 earn
715 1095 808 1172 'omni
825 1110 942 1171 ornatu
960 1104 1129 1169 verborum
1151 1123 1226 1188 gra·

56 1211 233 1294 vitateque
255 1212 489 1276 sentenciarum
506 1212 660 1296 proximis
676 1213 793 1277 vestris
809 1211 940 1295 scriptis
953 1207 1227 1293 experiencialiter

57 1316 263 1382 ostendistis.
280 1353 323 1363 -
337 1315 485 1381 Scribitis
509 1321 631 1402 postea,
655 1317 837 1401 proximum
863 1337 970 1380 meum
984 1315 1139 1398 scriptum
1154 1318 1226 1397 yte-

61 1420 125 1484 lioa
142 1420 335 1506 eloquentia
351 1422 502 1504 redolere,
525 1446 633 1510 ymmo
649 1423 793 1489 Tullium
810 1427 1031 1507 representare
1049 1423 1119 1499 etc,
1142 1417 1226 1503 quod

58 1524 213 1607 profecto
229 1545 293 1590 non
309 1526 377 1590 sine
391 1528 581 1593 verecundia
600 1530 773 1614 acceptavi,
798 1529 960 1614 quoniam,
976 1527 1086 1592 doctor
1104 1523 1227 1602 eximie,

59 1651 121 1715 ego
146 1631 199 1694 nil
224 1631 289 1696 tale
312 1636 391 1715 aput
426 1655 475 1698 me
505 1635 612 1700 sencio
634 1635 771 1700 inveniri
795 1655 908 1719 posse,
941 1632 1145 1718 quamobrem
1167 1628 1226 1694 tali

59 1735 143 1814 viro,
170 1755 303 1800 romane
325 1735 436 1822 lingue
458 1759 581 1804 summo
604 1739 728 1804 auctori
754 1738 960 1823 perfectoque
989 1735 1121 1814 oratori,
1144 1755 1227 1800 oom-

60 1841 175 1924 parari
192 1839 324 1925 pooeim.
374 1841 526 1924 Accessit,
542 1842 654 1924 fateor,
670 1844 751 1908 mibi
767 1841 931 1909 tantillum
946 1842 1125 1921 literarum,
1142 1839 1227 1926 quod

62 1967 122 2029 pro
149 1945 278 2012 viribus
309 1945 482 2030 ingenioli,
515 1952 552 2013 ut
575 1949 675 2032 potui,
707 1948 836 2033 scriptis
858 1952 936 2013 tunc
957 1945 1125 2032 applicavi.
1171 1943 1228 2009 Nil

61 2051 147 2116 mihi
172 2051 316 2136 amplius
338 2053 486 2138 arrogari
510 2053 596 2132 lieet,
618 2055 738 2141 siquid
755 2055 834 2120 mihi
857 2055 996 2138 amplius
1020 2052 1174 2131 tribuitis,
1195 2050 1227 2115 id

63 2157 265 2222 humanitati
294 2163 398 2223 vestre
430 2161 584 2241 rescribo,
616 2184 679 2247 que
709 2183 760 2226 me
783 2161 871 2226 velut
894 2159 981 2224 fama
1003 2156 1128 2223 volatili
1152 2177 1228 2241 pro·

64 2267 154 2326 mota
178 2260 231 2326 vel
256 2263 475 2350 undecumque
497 2266 613 2332 allecta
636 2267 797 2333 celebrare
819 2265 919 2350 cupit.

155 2365 309 2433 Preterea
338 2371 469 2436 satiram
495 2377 536 2452 et,
568 2377 605 2438 ut
627 2373 732 2437 verius
763 2371 879 2450 dicam,
901 2370 1091 2435 invectivam
1114 2366 1229 2431 vestris

64 2472 199 2558 scriptis
222 2474 254 2538 in
272 2471 441 2542 Ytalorum
464 2482 592 2561 gentem
615 2478 774 2544 fabricare
796 2477 948 2544 videmini
972 2495 1145 2559 eorumque
1161 2494 1228 2537 mo·

67 2599 116 2642 ree
140 2600 276 2662 carpere
297 2586 329 2645 et
355 2581 563 2648 nibilominus
597 2589 709 2668 postea
741 2605 793 2650 eos
823 2583 969 2648 laudibus
1000 2582 1153 2646 bonarum
1176 2600 1228 2642 ar-

67 2683 151 2748 eium
178 2684 333 2750 extollere
358 2691 391 2752 et
412 2687 459 2752 ita
482 2687 707 2754 circumeundo
730 2689 859 2754 tandem
882 2688 916 2751 in
936 2685 1096 2751 Romanos
1118 2688 1229 2750 aucto·

69 2788 167 2854 ritate
201 2791 286 2856 beati
319 2789 495 2858 Bernhardi
526 2794 564 2858 de
595 2795 848 2861 consideracione
880 2794 920 2858 ad
946 2791 1121 2876 Eugenium
1145 2791 1230 2855 libro

70 2898 100 2954 5·
125 2897 265 2980 quedam
288 2897 371 2962 vicia
395 2903 579 2985 retorquere
593 2897 617 2966 ¹.

159 2999 282 3068 Doctor
313 3004 448 3084 eximie,
480 3027 577 3070 unum
611 3005 694 3090 quod
724 3005 853 3070 veritati
885 3025 1056 3070 consonum
1093 3001 1228 3078 videtur,

70 3107 184 3172 andire
205 3131 269 3174 non
302 3109 430 3194 pigeat,
464 3111 546 3196 quod
569 3109 682 3176 scribit
707 3109 929 3190 Policratos⁸,
953 3115 1078 3172 secutus
1101 3104 1228 3182 Quinti·

72 3213 194 3278 lianum
217 3215 250 3279 in
275 3215 480 3282 institucione
502 3216 642 3281 oratoria
658 3217 703 3282 sio
723 3216 888 3301 inquiens:
917 3213 1151 3278 »Ronianorum
1175 3232 1229 3275 ex·

72 3318 224 3384 celleneia
249 3341 285 3384 ac
308 3321 438 3400 virtute,
459 3321 487 3386 si
509 3322 652 3386 omnium
684 3323 832 3406 gencium
856 3321 989 3386 historie
1014 3317 1224 3394 resolvantur,

74 3423 172 3488 nichil
194 3424 313 3490 clarina
336 3426 428 3490 lucet.
483 3423 632 3490 Declarat
659 3427 719 3491 boc
741 3425 956 3510 amplissimus
984 3424 1134 3509 splendor
1168 3423 1229 3485 im-

75 3530 165 3613 perij,
191 3553 255 3616 qno
278 3529 402 3595 nullum
427 3531 533 3596 minus
556 3532 596 3596 ab
623 3532 752 3598 exordio
768 3531 1003 3615 maioribusque
1026 3527 1230 3594 incrementis

76 3657 221 3717 processu
247 3637 400 3702 continuo
411 3636 592 3716 dilatatum,
619 3638 757 3702 bumana
773 3641 879 3720 potest
895 3636 1047 3700 memoria
1062 3632 1230 3698 recordari.

642 3775 660 3814 ’l‘

147 3881 157 3934 1
180 3879 316 3935 Offenbar
336 3878 536 3934 vmcbrieben.
564 3877 643 3934 Naeh
663 3879 712 3934 der
732 3879 846 3949 vorlage
858 3878 968 3932 mbchte
988 3895 1055 3932 man
1073 3879 1230 3931 erwarten:

81 3967 248 4024 humilitatis
269 3969 399 4038 pretextu
418 3965 448 4022 in
468 3966 640 4022 adulacionis
659 3966 772 4022 vicium.
862 3968 879 4020 2
899 3966 953 4019 Der
979 3966 1087 4033 grosste
1111 3964 1161 4017 teil
1182 3963 1232 4016 der

79 4053 226 4126 folgenden
239 4055 449 4124 auslssbrnngen
466 4053 524 4109 und
546 4052 633 4108 nitate
650 4054 688 4108 ist
706 4053 756 4110 der
779 4053 843 4108 rede
868 4052 916 4108 des
937 4051 1033 4106 Ulrich
1054 4051 1232 4108 Gosscmbrot

86 4149 270 4210 entnommen,
289 4144 335 4199 die
354 4141 636 4198 derselb014582um
656 4143 759 4213 beginn
779 4141 869 4196 eeiner
887 4139 1070 4208 erlanteruug
1088 4138 1135 4193 des
1149 4137 1231 4192 Vale·

81 4233 133 4286 rius
151 4232 289 4286 Maximus
308 4229 380 4285 hielt
396 4247 417 4284 s.
436 4229 507 4286 oben
526 4247 548 4284 a.
567 4229 614 4284 58ι
641 4248 666 4286 u.
687 4230 749 4286 clm.
772 4231 824 4284 424
853 4229 872 4282 f.
895 4229 944 4282 261
966 4226 993 4284 ff.
1016 4227 1073 4282 bes.
1092 4227 1153 4282 265.
1171 4226 1232 4282 266.

83 4321 148 4375 aa
165 4319 204 4374 ist
222 4318 293 4373 wohl
314 4317 363 4373 der
382 4316 565 4374 Policraticus
590 4316 638 4371 des
662 4317 773 4372 Johann
800 4333 825 4370 v.
853 4314 1002 4384 Salesbury
1021 4314 1159 4384 gemeint,
1189 4331 1231 4370 wo

82 4425 107 4462 sa
123 4407 172 4464 lib.
190 4409 208 4462 4
226 4422 287 4477 cap.
310 4408 340 4460 15
359 4406 462 4462 beisst:
494 4403 563 4459 »Sed
584 4423 646 4460 curn
665 4405 789 4462 omnium
819 4403 946 4473 gentium
964 4402 1093 4471 exempla
1118 4402 1232 4458 revolvo

83 4495 225 4566 disdplina
243 4493 431 4550 Romanorum
452 4509 501 4563 pra
520 4492 618 4548 neura
632 4492 731 4548 lucet«
