3062 5068
665 389 726 454 199

113 563 283 644 animum,
316 563 392 629 dum
425 585 476 629 me
509 584 546 628 ac
577 566 697 628 ceteros
729 560 871 646 prelatos
905 561 1027 627 ordinis
1057 564 1158 628 nostri
1190 563 1274 628 beati

115 669 315 735 Benedicti¹
357 669 397 734 ad
434 667 576 734 studium
612 689 700 732 sacre
730 667 848 752 pagine
883 667 1013 753 eiusque
1051 667 1140 732 verbi
1180 667 1275 733 semi·

114 775 284 840 uaciousm
320 779 352 841 et
374 773 502 840 tandem
526 778 562 839 ut
586 773 788 858 gymnasium
809 771 938 857 aliquod
964 773 997 838 in
1024 771 1135 839 ordine
1165 777 1275 838 nostro

114 880 307 965 erigeretur,
322 900 521 964 summopere
537 879 737 964 persuadere,
753 878 917 944 consulere
932 900 969 945 ec
992 879 1115 944 hortari
1130 878 1275 944 curastis.

116 985 229 1052 haudo
255 985 465 1070 propositum,
489 985 640 1052 affectum
663 985 799 1070 denique
822 988 983 1064 vestrum,
1010 1006 1102 1070 quem
1127 985 1166 1049 ad
1188 983 1274 1048 ordi·

115 1113 189 1156 nem
216 1091 351 1171 habetis,
373 1092 473 1158 nichil
489 1091 575 1156 enim
591 1090 751 1156 salubrius
772 1089 894 1156 homini
919 1090 1012 1156 docto
1035 1089 1104 1155 fore
1125 1087 1275 1167 arbitror,

114 1217 213 1280 quam
236 1217 271 1260 se
292 1195 409 1262 divims
432 1198 613 1282 rnencipare
639 1195 811 1282 ohsequijs,
835 1197 918 1281 quod
941 1218 998 1280 per
1025 1196 1164 1262 studium
1188 1216 1275 1260 sacre

114 1301 278 1385 scripture
308 1301 400 1367 facile
423 1303 493 1387 quis
523 1302 673 1386 consequi
695 1301 833 1384 poterit,
866 1301 939 1366 dum
965 1301 997 1366 in
1023 1301 1094 1385 ipse
1121 1300 1275 1364 studendo

115 1406 259 1472 fideliter
280 1411 468 1489 perseveret.
515 1405 815 1474 Immarcessibilem
831 1405 917 1471 anim
945 1428 1003 1491 per
1025 1407 1128 1490 ipsam
1150 1406 1274 1471 nancis-

116 1511 225 1576 cimur
246 1510 381 1596 gloriam
394 1509 417 1578 ¹.
466 1511 585 1578 Deinde
600 1534 658 1596 per
680 1513 768 1577 varia
791 1518 823 1576 et
845 1511 936 1576 devia
963 1513 995 1576 in
1013 1512 1150 1595 epistola
1170 1514 1277 1576 vestre

114 1616 353 1696 transcurritis,
383 1618 522 1702 primurn
556 1622 664 1701 patres
688 1622 720 1682 et
743 1617 883 1700 prelatos
906 1617 1027 1683 ordinis
1052 1617 1148 1681 vestri
1172 1615 1272 1699 vicijs,

117 1721 238 1806 quihus
261 1723 346 1806 ipsos
361 1723 532 1790 labefactos
555 1722 705 1801 scribitis,
725 1723 890 1787 emendare
911 1727 942 1786 et
965 1721 1125 1805 corrigere
1148 1721 1275 1805 cupitis,

115 1848 208 1892 more
234 1849 352 1909 eorum,
377 1829 432 1914 qui
450 1830 483 1894 in
501 1828 640 1914 ecclesijs
663 1829 839 1895 declamare
854 1827 959 1893 solent
974 1827 1011 1891 ad
1034 1826 1177 1911 vulgum,
1200 1826 1274 1892 dum

115 1931 252 1996 sarcinis
274 1934 427 2018 gravibus
448 1935 527 2001 alios
550 1940 694 2015 onerant,
717 1935 820 2019 digito
843 1938 951 1999 autem
966 1933 1099 1998 minimo
1121 1930 1180 1998 ca⁸
1203 1937 1274 1998 tau·

115 2057 196 2120 gere
218 2044 378 2104 verentur.
425 2039 542 2106 Plenus
576 2041 712 2126 denique
744 2044 855 2105 venter
888 2038 981 2104 facile
1002 2039 1041 2104 de
1065 2038 1191 2104 ieiuniis
1213 2039 1276 2103 dis·

117 2147 214 2225 putat
237 2149 320 2209 testo
344 2144 540 2213 Hierouimo.
592 2147 720 2213 Rectius
744 2145 867 2226 fuisset,
897 2144 1071 2210 modestius
1093 2142 1152 2207 hec
1175 2141 1277 2205 literis

116 2248 234 2311 vestris
257 2249 436 2316 inseruisse.
487 2251 562 2320 Sola
584 2255 669 2320 enim
693 2253 785 2333 bonu,
808 2253 950 2318 modesta
975 2255 1008 2316 st
1023 2250 1172 2334 religiosa
1188 2270 1277 2314 mens

117 2351 178 2416 deo
200 2353 325 2436 placere
348 2363 463 2440 potest,
487 2382 549 2425 non
574 2382 611 2425 ea
653 2382 750 2436 mene,
775 2381 836 2445 qua
859 2359 1040 2424 temeritate
1063 2357 1196 2441 quadam
1221 2356 1278 2420 abs

119 2458 212 2523 venia
235 2460 269 2523 in
291 2461 429 2528 alterum
452 2465 490 2530 de
520 2464 606 2531 facili
651 2465 800 2530 invehere
822 2465 988 2549 presumit.
1034 2461 1172 2527 Torrens
1195 2459 1278 2526 forte

118 2563 152 2626 in
176 2565 267 2629 vobis
289 2567 423 2650 spiritus
445 2572 504 2637 hec
521 2592 663 2637 evomere
681 2570 793 2636 voluit.
852 2569 893 2636 Et
915 2573 951 2634 ut
966 2567 1071 2634 verhis
1086 2567 1119 2631 in
1142 2565 1278 2650 epistole

117 2675 227 2734 vestra
256 2671 454 2759 depromptis
484 2683 574 2744 uter:
617 2675 706 2742 »Nisi
738 2675 893 2742 resolutio
933 2674 1075 2758 corporis
1103 2694 1155 2737 me
1176 2674 1277 2755 impe-

115 2774 245 2854 diverit,
268 2777 454 2847 descendam
477 2785 642 2867 tamquam
666 2786 834 2847 veteranus
861 2779 900 2844 ad
917 2779 1022 2845 locum
1037 2777 1179 2843 talerns‘
1204 2781 1278 2842 etc:

116 2881 280 2947 camssime
301 2882 413 2964 frater,
435 2887 616 2952 consultum
637 2887 778 2967 videtur,
824 2907 915 2952 mora
937 2890 1033 2968 rupta
1055 2884 1174 2967 absque
1196 2880 1277 2947 dile·

117 2987 210 3054 cione
232 2992 299 3054 tem
322 2990 447 3057 fervens
471 2999 603 3079 tuumne
625 2994 774 3059 devotum
801 2990 1010 3057 effectualiter
1031 2987 1181 3072 amplecti
1205 3009 1278 3071 pro-

118 3094 260 3177 positum
275 3101 307 3162 et
322 3099 520 3182 quamtocius
535 3099 628 3164 istam
650 3098 793 3184 aggredi,
817 3119 913 3182 quam
936 3094 1155 3179 proposuistis,
1173 3090 1277 3158 viem⁶

117 3201 298 3286 ceterisque
312 3203 390 3267 viris
400 3203 502 3269 doctis
518 3226 577 3288 pro
591 3204 694 3269 salute
709 3203 889 3268 animarum
904 3198 1069 3266 consulere
1091 3219 1179 3262 more
1193 3198 1277 3282 pris-

687 3329 706 3362 ’k

117 3408 186 3464 fides
205 3407 316 3479 scriptis
335 3411 410 3466 assit.
448 3411 499 3477 Qui
518 3416 548 3467 et
565 3411 671 3483 scripta
688 3409 846 3467 huiusmodi
873 3407 1017 3464 submittit
1046 3406 1215 3463 correctione
1234 3421 1277 3461 ec·
1326 3401 1329 3412 '

114 3515 192 3562 rum,
210 3514 328 3567 quorum
347 3498 464 3554 interest
474 3498 652 3568 corrigendos
661 3497 799 3568 corrigere
818 3498 991 3553 stertentes
1004 3495 1133 3551 reducere
1146 3494 1183 3550 sd
1202 3493 1278 3548 viam

117 3585 258 3642 veritatis.
296 3586 378 3643 huno
395 3587 501 3644 domini
520 3587 628 3643 1473⁰.‹

189 3671 305 3728 lNach
323 3673 413 3730 dieser
430 3675 513 3731 stelle
533 3677 637 3731 mdeste
657 3675 800 3729 Hermann
828 3691 863 3728 en
899 3671 1001 3727 seinem
1022 3670 1210 3727 lebeusahend
1229 3669 1278 3726 Be·

117 3759 281 3816 uedihtiuer
298 3761 447 3830 gewordeu
464 3761 531 3819 oder
548 3761 618 3820 doch
631 3763 661 3817 iu
677 3761 781 3817 hahere
793 3759 949 3828 bssishung
963 3777 1026 3814 cum
1039 3758 1127 3815 orden
1148 3759 1277 3828 getreten

117 3848 186 3911 sein,
206 3848 296 3903 voihr
314 3849 359 3904 ich
372 3853 450 3906 const
462 3851 562 3905 heinan
582 3849 665 3919 beleg
677 3848 758 3905 finde.
798 3849 872 3903 Dcch
890 3847 947 3918 vgl.
964 3847 1108 3903 mandatu
1120 3845 1165 3901 dis
1176 3846 1277 3901 ebeuso

118 3934 326 4004 merhvvhrdige
353 3937 500 3992 uachricht
525 3937 570 3993 bei
589 3936 705 4000 Kobolt,
737 3935 907 3991 Baierisches
926 3933 1190 3991 Gelehrteulsxihon
1209 3933 1276 3986 588:

117 4023 235 4080 Schedel
258 4025 426 4093 (Hermann)
444 4026 489 4080 eiu
508 4025 706 4081 Beuedihtiner
731 4043 765 4078 eu
784 4025 947 4093 Tegsrnsee,
967 4022 1083 4077 hldhetc
1103 4021 1133 4074 in
1153 4019 1215 4074 dem
1237 4021 1277 4075 15.

114 4112 306 4188 jahrhuudert
325 4112 383 4168 und
402 4113 510 4170 schrisb
530 4111 685 4169 chronicon
705 4111 922 4182 Tegsrnseense,
943 4129 972 4168 sc
991 4128 1021 4165 er
1042 4111 1095 4164 mit
1114 4107 1178 4162 dem
1195 4108 1278 4176 jahre

120 4203 182 4258 1481
199 4200 340 4258 heschloss.
371 4201 548 4258 huchdavoo
561 4201 600 4256 ist
611 4200 704 4256 bisher
718 4201 809 4255 nichts
824 4200 960 4255 bekannt.
1021 4200 1038 4252 ⁴2
1055 4196 1277 4260 Dorchstrichen,

117 4291 185 4346 aber
197 4290 286 4344 durch
301 4289 394 4346 nichts
404 4289 520 4346 endercs
532 4291 645 4345 ersetct.
700 4287 809 4344 deuel
867 4285 1131 4342 lBraunl.c.163.
1186 4283 1278 4339 onis-

118 4396 161 4434 ser
178 4380 240 4435 sats
259 4378 336 4434 steht
355 4378 406 4432 aul
422 4377 471 4433 dar
490 4377 629 4433 rticlrseite
647 4377 666 4432 i.
678 4377 738 4433 313.
770 4377 839 4432 Dese
864 4393 894 4431 er
913 4375 972 4430 hier
990 4372 1191 4444 eingeschoben
1210 4389 1277 4426 ver·

119 4467 173 4522 den
188 4483 272 4532 muas,
285 4466 360 4538 ceigt
373 4465 424 4522 das
437 4466 530 4522 hintsr
545 4465 653 4520 ›viam‹
669 4465 738 4521 noch
752 4463 882 4533 folgende
894 4463 1046 4534 ceterisque
1062 4460 1128 4516 viris
1142 4463 1173 4515 ut
1184 4477 1277 4532 supra.
