3062 5068
681 423 744 491 211

135 597 243 663 randis
276 597 368 665 libris
402 599 514 664 nedum
547 597 769 685 Nuremberge
801 607 849 668 set
883 606 915 667 et
937 625 975 667 ex
1002 602 1148 688 Venecijs
1171 606 1292 689 pluries

134 704 196 788 egi,
220 703 270 767 uti
296 703 339 790 (d.
356 705 400 790 r.)
426 703 487 770 boc
517 726 571 770 ros
598 704 696 770 latere
723 705 853 771 minime
880 708 982 775 credo.
1029 705 1066 774 In
1093 709 1209 795 quibus
1232 733 1289 795 pa·

133 809 320 875 teruitatem
354 830 444 874 suam
477 830 602 894 semper
639 814 768 894 gratum
808 811 907 888 sensi,
951 815 1034 898 quod
1072 815 1099 878 si
1140 837 1289 902 umquam

134 913 334 979 Leonardum
368 935 427 999 pro
460 915 596 980 arbitrio
630 936 687 981 suo
709 936 730 981 a
749 938 799 982 me
822 917 939 983 habere
970 917 1143 1000 voluisset,
1173 921 1290 987 nedum

133 1020 249 1103 ipsum,
274 1041 381 1085 verum
397 1025 440 1097 et,
464 1021 656 1106 quicumque
679 1021 762 1087 liber
780 1025 862 1107 aput
876 1045 927 1088 me
950 1027 1008 1103 est,
1032 1024 1114 1090 dono
1137 1031 1193 1092 aut
1215 1048 1289 1111 pre-

132 1125 180 1190 tio
204 1124 366 1205 dedissem,
388 1146 430 1190 ne
444 1123 621 1191 amiciciam
636 1148 666 1210 p.
683 1147 707 1192 s.
727 1127 839 1212 quovis
862 1132 956 1212 pacto
978 1130 1169 1210 emitterem,
1193 1153 1288 1217 quam

132 1231 207 1316 plns
221 1232 335 1298 ceteris
349 1230 496 1298 omnibus
512 1233 733 1318 megnipeudo.
769 1231 819 1299 Ob
847 1235 930 1320 quod
954 1255 1024 1301 cum
1050 1235 1193 1300 burserio
1215 1258 1289 1320 pre·

131 1337 325 1403 uominatc¹
348 1335 546 1403 beocardum
566 1339 696 1404 mittere
721 1338 854 1419 decrevi,
878 1361 972 1424 quem
1001 1344 1037 1406 ut
1062 1340 1168 1406 animo
1195 1347 1289 1426 grato

131 1444 286 1528 suscipiet
308 1465 359 1510 me
381 1443 577 1530 singularem
600 1445 743 1528 gracism
765 1450 943 1511 assecutum
967 1447 1117 1527 arbitror,
1142 1469 1236 1532 quem
1260 1449 1286 1513 si

131 1551 289 1629 remittet,
312 1549 361 1616 uti
376 1572 415 1615 ex
437 1549 566 1637 scriptis
581 1551 611 1616 d.
624 1573 653 1618 v.
669 1552 808 1635 percepi,
831 1571 888 1616 neo
903 1551 1008 1636 ipsum
1030 1553 1192 1637 recipiam,
1215 1575 1287 1620 cum

133 1655 206 1739 ipso
228 1675 334 1720 carere
358 1659 479 1740 potero.

220 1759 309 1836 Quod
332 1762 358 1826 si
380 1783 469 1826 seem
492 1761 601 1846 eliqua
623 1761 752 1826 sinistre
775 1762 814 1826 de
837 1784 887 1828 me
909 1763 1064 1847 suspicari
1089 1763 1213 1846 velitis,
1245 1766 1287 1831 ob

130 1889 195 1951 que
226 1867 371 1932 amicicie
399 1889 436 1931 ac
469 1866 671 1932 familiaritas
704 1868 790 1932 iuter
820 1889 877 1933 nos
912 1871 1077 1933 contracta
1110 1871 1286 1954 deturpari,

128 1973 262 2054 aboleri,
286 1973 473 2038 labefactari
496 1971 609 2057 possit,
632 1973 763 2038 minime
784 1974 817 2037 id
839 1973 968 2039 admitti
992 1973 1111 2056 paciar.
1156 1973 1285 2061 Appor-

127 2085 242 2144 tautur
264 2079 297 2144 in
320 2079 386 2144 dies
409 2077 594 2144 catervatim
617 2077 680 2144 huc
702 2077 778 2143 libri
801 2078 935 2159 diversi,
969 2077 1032 2164 (ut)
1065 2083 1098 2144 et
1128 2079 1284 2146 relacione

128 2183 331 2271 quorundam
354 2184 471 2267 accepi,
496 2181 694 2250 Leonmdum
718 2184 817 2250 eciam
842 2185 874 2249 in
897 2183 964 2248 dies
987 2185 1161 2268 apportari,
1186 2207 1284 2271 quare

129 2292 203 2356 leve
226 2290 306 2355 milri
328 2290 408 2371 erit,
442 2311 504 2374 que
526 2290 723 2374 placuerint,
746 2290 785 2354 ed
818 2294 932 2354 nutum
955 2309 1149 2375 comparere,
1172 2292 1283 2371 sciens,

126 2401 238 2482 potres
261 2394 382 2479 cenobij
406 2397 577 2480 presertim
599 2396 633 2460 iu
657 2395 719 2461 hoc
751 2416 840 2461 sucro
863 2399 1008 2480 tempore
1030 2395 1103 2480 plus
1127 2417 1176 2460 me
1199 2397 1282 2462 iudi·

124 2524 206 2590 gere
229 2502 471 2587 uberioremque
493 2502 635 2568 fructum
658 2503 854 2587 predicando
884 2502 1017 2567 verbum
1041 2501 1090 2568 dei
1115 2505 1148 2566 et
1169 2503 1283 2569 ceteris

125 2606 290 2676 efficerc’.
349 2607 416 2675 Hec
448 2610 559 2694 itaque
590 2607 719 2673 domiuo
748 2629 818 2673 meo
855 2607 999 2692 graciose
1032 2627 1205 2692 suggerere
1230 2630 1282 2672 ve-

128 2715 221 2794 litis,
258 2718 296 2779 ut
327 2717 359 2780 et
381 2715 530 2780 animum·
556 2736 679 2794 acrem,
713 2715 740 2778 si
776 2737 869 2800 quem
892 2714 926 2779 iu
950 2735 1000 2779 me
1024 2715 1283 2798 concepisset,a

125 2824 235 2886 mente
257 2841 404 2885 amovere
426 2824 458 2886 et
481 2820 610 2905 singula
632 2821 760 2887 demum
782 2820 816 2884 iu
841 2819 1006 2885 meliorem
1032 2824 1158 2903 partem
1181 2820 1281 2886 inter·

124 2925 251 3012 pretari
274 2924 359 2990 velit.
404 2925 578 2991 Exhibebit
601 2926 680 2992 mibi
703 2949 734 3012 p.
759 2949 782 2992 s.
806 2926 947 3010 graciam
971 2925 1167 3012 singularem
1182 2947 1220 2991 ae
1242 2928 1281 2992 ad

124 3039 202 3098 vote
218 3030 351 3115 posthae
373 3033 602 3098 deditissimum
627 3031 695 3120 [me
719 3031 876 3121 habebit].
923 3029 1037 3097 Valete
1060 3031 1206 3097 feliciter.

216 3136 384 3223 Inccmpto
406 3138 481 3204 stilo
505 3144 536 3203 et
558 3138 747 3204 rudimentis
770 3139 894 3203 veniam
919 3138 992 3203 dete
1012 3158 1100 3222 rogo,
1123 3159 1196 3201 nam
1221 3159 1283 3223 que

125 3247 160 3309 in
185 3245 503 3327 mentem-[venerint
526 3246 648 3312 calamo
674 3266 804 3310 exarare
827 3245 923 3311 volui.

698 3355 714 3392 *

202 3454 213 3508 l
235 3453 271 3508 Es
289 3453 327 3508 ist
345 3452 440 3510 keiner
460 3454 561 3510 vorher
579 3455 714 3525 genennt
787 3455 803 3507 2
825 3453 905 3509 Naoh
923 3452 1027 3507 diesem
1048 3454 1124 3508 satae
1143 3469 1201 3507 wer
1220 3453 1280 3509 slso

124 3545 177 3599 der
196 3542 412 3598 bucheranlrauf
427 3543 472 3596 ldr
491 3543 552 3598 eine
569 3541 832 3599 klosterbiblicthelr
850 3541 1013 3602 bssffimmt,
1046 3539 1281 3610 moglioberweise

125 3633 173 3686 fur
203 3629 250 3685 die
275 3647 329 3686 ron
349 3629 531 3694 Heilsbronn,
559 3648 602 3687 wo
620 3629 735 3686 Schedel
756 3629 799 3684 als
817 3633 879 3686 arat
899 3629 996 3699 htufig
1018 3629 1114 3699 thttig
1132 3646 1204 3693 war,
1229 3629 1281 3685 wie

124 3719 201 3776 edne
220 3720 332 3790 recepte
349 3717 508 3774 ausweisen.
549 3719 610 3789 Vgl.
629 3719 675 3776 die
693 3718 844 3789 folgenden
864 3717 993 3787 eintr‘tge
1023 3733 1073 3772 aus
1092 3716 1146 3772 den
1165 3717 1280 3773 kloster-

125 3809 308 3878 reebnnngen
326 3807 394 3862 dber
408 3807 713 3878 buchererwerbnngen
727 3805 886 3878 [Stillfried
900 3805 1010 3862 Klester
1026 3803 1194 3862 Heilsbrcnn
1210 3806 1281 3876 14¹1:

127 3897 212 3953 »1477
225 3913 275 3966 pro
287 3893 366 3950 libris
382 3895 523 3966 impressis
541 3895 672 3952 videlicet
686 3895 881 3967 tricenna[‘l],
901 3895 1052 3952 Plutarcho
1068 3895 1103 3950 de
1121 3894 1281 3950 illustribus

126 3985 201 4049 viris,
220 3983 333 4054 speculo
352 3985 460 4046 morali,
479 3985 585 4040 lrstens
609 4001 694 4040 sures
713 4003 733 4040 s.
757 3985 924 4056 T[homae],
951 3984 1106 4054 repertorio
1126 3982 1280 4039 Prixincnsi

125 4071 301 4128 sermonibus
319 4071 438 4128 diversis
456 4075 508 4128 etc.
530 4074 597 4130 1478
617 4091 667 4144 pro
692 4073 772 4129 libris
794 4073 896 4144 emptis
921 4091 957 4130 sc.
978 4071 1121 4129 Leonsrdc
1139 4071 1173 4126 de
1193 4071 1279 4125 Utino

124 4163 193 4216 etc«
214 4191 248 4201 -
268 4161 350 4216 Danu
368 4167 442 4216 utre
466 4161 556 4217 dieser
572 4160 647 4216 brici
662 4161 764 4218 ebenrc
782 4161 834 4216 wie
851 4161 899 4216 der
920 4161 1032 4231 rorige,
1066 4159 1116 4214 der
1135 4158 1188 4214 auf
1203 4157 1279 4212 dem·

126 4251 222 4306 selben
240 4249 334 4306 blatta
352 4249 430 4305 steht
447 4267 480 4304 ru
494 4249 608 4318 lltms
627 4267 660 4303 su
678 4249 789 4305 stellen.
