3002 5070
813 439 856 503 66

255 615 452 680 iuventutem
475 617 651 680 exercitant
683 620 715 678 et
738 615 777 678 ad
800 615 1058 700 investigandum
1090 613 1218 699 plenius
1241 617 1274 676 et
1298 634 1422 696 propo-

256 721 391 785 nendum
416 721 561 785 audatius
586 719 753 786 iuvenilem
779 720 918 784 titillant
940 725 1060 786 etatem
1078 724 1111 783 et
1127 719 1267 782 virorum
1291 717 1422 782 illumi-

256 831 403 890 natorum
427 831 504 890 tnnc
527 826 728 909 presencium
751 829 842 890 tanto
858 825 1054 910 peramplius
1078 823 1224 890 doctrina
1244 823 1417 906 perlucida

255 932 364 1008 claret,
391 935 511 1015 quanto
534 929 697 1014 copiosius
721 927 905 995 effunditur.

342 1034 411 1100 Hec
442 1036 488 1100 sie
519 1057 538 1099 a
571 1057 620 1099 me
651 1041 783 1100 exarata
805 1036 945 1119 benigna
974 1055 1047 1100 cum
1069 1033 1317 1117 supportacione
1341 1053 1425 1116 egre

255 1139 339 1205 l'erre
361 1161 425 1204 non
448 1138 563 1218 velitis,
592 1138 710 1203 obnixe
736 1159 824 1222 rogo.
873 1137 952 1204 Cum
977 1138 1060 1202 enim
1084 1137 1141 1203 bec
1167 1137 1248 1201 milri
1271 1137 1423 1220 displici-

258 1243 334 1309 bilia
356 1245 485 1329 scriptis
507 1245 552 1308 sic
575 1244 653 1308 meis
675 1244 874 1327 improbem,
898 1244 1004 1327 palam
1028 1244 1193 1328 inerepare
1216 1265 1281 1308 non
1305 1244 1425 1320 audeo,

256 1372 295 1414 ne
317 1370 406 1415 more
428 1349 563 1413 forsitan
588 1349 789 1433 quorundam
823 1350 918 1413 matri
949 1371 1018 1413 mee
1048 1352 1080 1412 et
1102 1348 1325 1414 consuetudini
1352 1349 1427 1412 eius

258 1455 424 1520 detrahere
448 1455 563 1518 videar.
614 1452 657 1518 da
680 1475 775 1532 vero,
808 1475 870 1538 que
893 1453 1065 1536 aliquando
1086 1453 1119 1516 in
1146 1451 1259 1516 Ytulia
1281 1455 1427 1535 respexi,

257 1583 387 1625 narrare
410 1583 461 1627 me
483 1581 545 1625 non
570 1561 669 1644 piget.
718 1558 844 1625 Vivunt
859 1557 935 1624 ltali
971 1559 1009 1624 ad
1033 1557 1246 1642 prescriptum
1270 1558 1427 1634 racionis,

257 1665 375 1730 habent
398 1666 498 1731 eciam
520 1666 622 1750 ipsam
646 1665 870 1749 frugalitatem
888 1665 1085 1747 magistram,
1107 1685 1283 1749 numquam
1305 1685 1427 1746 sump-

257 1772 355 1836 tuosis
379 1771 531 1852 convivijs
565 1793 695 1855 operam
729 1769 825 1847 dant,
858 1769 1046 1835 collaciones
1079 1771 1220 1834 serotine
1254 1775 1334 1852 aput
1368 1791 1426 1832 eos

257 1897 430 1961 numquam
455 1876 552 1954 finnt,
576 1881 624 1939 set
650 1895 702 1938 eas
724 1875 977 1958 despectissimae
1000 1873 1133 1952 habant,
1156 1894 1219 1938 non
1245 1873 1427 1957 indulgent

259 1981 390 2064 delicijs,
416 2003 477 2066 que
499 1981 622 2046 animos
646 1980 812 2044 hominurn
835 1985 867 2044 et
890 2001 1025 2062 corpora
1047 1978 1238 2057 dissolvunt,
1262 1983 1311 2042 set
1335 1983 1426 2041 tern-

257 2092 367 2169 perato
390 2107 516 2170 semper
538 2091 674 2150 utuntur
698 2087 794 2164 rictu,
818 2089 933 2150 ornato
957 2085 1099 2169 quidem,
1115 2106 1179 2168 quo
1207 2088 1323 2148 natura
1349 2083 1429 2166 ipsa

257 2213 315 2276 pro
337 2192 385 2256 sui
407 2192 639 2256 sustentacione
654 2195 868 2258 contentatur.
914 2189 987 2256 Non
1012 2190 1214 2256 arbitrantur
1237 2211 1273 2252 se
1294 2189 1333 2253 ad
1360 2211 1423 2271 pa-

255 2302 341 2360 stum
376 2301 407 2360 et
429 2297 468 2360 ad
491 2297 677 2360 servitutem
700 2296 820 2360 ventris
843 2301 952 2374 natos,
976 2300 1012 2360 ut
1033 2295 1142 2380 plures
1164 2317 1201 2359 ex
1225 2294 1347 2360 nostris
1373 2296 1428 2358 vi·

257 2402 375 2480 demus,
398 2404 448 2464 set
463 2422 500 2464 ea
529 2402 634 2464 omnia
661 2405 823 2486 tamquam
854 2401 1018 2466 exicialem
1050 2423 1086 2466 ac
1108 2405 1231 2485 pestem
1255 2401 1424 2485 pernicio-

256 2528 324 2570 sam
346 2507 544 2571 detestantur
567 2509 599 2569 et
615 2506 754 2590 lugiunt.
801 2505 914 2572 Sciunt
934 2507 1030 2584 enim,
1055 2505 1113 2570 hec
1128 2507 1238 2590 magni
1257 2527 1323 2569 esse
1353 2507 1422 2569 im-

259 2610 435 2693 pedimenti
459 2610 496 2672 ad
521 2610 625 2674 studia
649 2611 822 2676 laudabilia
845 2614 1045 2695 capescenda.

345 2714 378 2779 Si
394 2716 504 2799 itaque
520 2715 642 2792 maiori,
666 2737 760 2799 quam
778 2715 878 2796 licuit,
903 2718 936 2780 in
959 2717 1126 2782 scribendo
1141 2717 1202 2780 sim
1220 2737 1294 2780 usus
1318 2717 1423 2780 liber·

168 2827 176 2855 ⁸
257 2825 420 2897 tatanus
445 2821 477 2884 in
502 2819 699 2884 malnmaut
725 2823 756 2884 iu
781 2843 848 2886 earn
872 2822 1006 2886 sumatis
1028 2825 1176 2904 partem,
1212 2822 1260 2885 uti
1285 2822 1334 2886 ius
1358 2823 1424 2886 ali-

258 2925 339 3008 quod
366 2926 397 2988 in
414 2945 580 3007 personam
604 2931 742 2990 vestram
764 2927 931 2992 vendicare
954 2948 1146 3010 presumam.
1196 2927 1346 2994 Delectat
1369 2951 1425 2994 rne
1491 2981 1492 3006 ,

258 3029 461 3094 familiaritas
483 3029 636 3108 omnium,
660 3051 795 3112 quorum
811 3032 929 3095 noticia
946 3032 1095 3095 maiorem
1121 3033 1235 3114 prebet
1262 3035 1295 3096 in
1322 3033 1423 3098 fami·
1491 3011 1492 3083 l

257 3135 396 3199 liaritate
420 3135 567 3199 fiduciam
587 3136 608 3200 ¹.

806 3453 865 3524 28.

260 3603 450 3676 Hermann
473 3599 626 3672 Schedel
651 3623 698 3672 an
722 3601 914 3697 [Wilhelm
938 3603 1269 3698 v.Reiehenau.(l)
1296 3605 1424 3698 Augs-
1489 3629 1490 3646 ¹

675 3725 770 3816 burg
813 3723 909 3796 1460
922 3725 950 3822 i]
965 3724 989 3797 ¹.

491 3878 554 3932 clm.
574 3876 627 3930 224
645 3877 664 3930 f.
684 3877 731 3930 72b
744 3878 858 3946 einlaga
875 3877 906 3932 in
926 3895 1013 3935 verso.
1050 3880 1182 3948 concept.

260 4001 652 4086 Entscbnldigung,
676 4001 770 4066 dass
793 4023 833 4066 er
857 4004 933 4067 mit
954 4026 1123 4088 grauem
1149 4004 1282 4070 haara
1308 4009 1423 4071 nocb

769 4105 899 4172 liebt.

346 4248 462 4332 Recepi
494 4247 544 4310 bis
575 4247 685 4310 diebus
716 4247 833 4310 indices
856 4247 1032 4312 inconcussi
1056 4250 1174 4314 amoris
1197 4255 1289 4330 tuas,
1325 4275 1425 4316 rene·

258 4354 355 4416 rande
379 4353 497 4429 frater,
519 4350 628 4414 literas
655 4351 863 4476 periocundps
898 4357 929 4416 et
960 4359 1050 4417 tanto
1085 4355 1211 4438 quidem
1237 4357 1425 4436 iocundius,

330 4523 421 4580 leod.
442 4522 584 4579 noticiam.
652 4519 793 4576 2Datum
815 4525 871 4577 und
892 4525 1002 4580 adressa
1021 4527 1157 4582 nnsicber.
1195 4527 1328 4584 Letntere
1348 4533 1424 4586 nach
