3002 5062
245 399 308 465 378
558 399 680 470 Anhang
696 398 876 455 rcrwandter
888 399 1086 470 erztblungan.

696 576 797 642 Xllla
820 587 864 652 (au
877 603 920 638 nr.
933 585 987 655 50).

586 719 652 792 Dic
679 720 756 792 alte
783 720 833 791 im
868 721 1055 794 strcuche.

244 901 483 970 (Stephanus
512 901 546 955 de
575 901 754 957 Borbone
783 901 827 956 bei
846 900 1118 966 Jobaunchunior,
1147 901 1314 966 Scalaceli,
1335 901 1408 956 Ulm

493 990 567 1052 1480,
587 989 625 1043 bl.
644 990 714 1045 llua
733 989 781 1044 ‘De
798 989 940 1046 locutione
959 989 1153 1058 inordinata'.)

217 1169 230 1204 a
334 1139 469 1223 Legitur
492 1141 523 1203 in
549 1139 631 1204 libro
655 1141 692 1204 de
721 1143 841 1224 septem
872 1139 962 1205 donis
996 1139 1129 1222 spiritus
1161 1141 1283 1217 sancti,
1315 1143 1408 1225 qnod

245 1248 397 1333 quaedam
422 1245 548 1325 vetula,
583 1268 663 1330 quae
686 1246 852 1310 dicebatur
882 1244 1078 1322 divinatrix‚
1110 1245 1266 1330 requisita
1296 1244 1366 1308 fuit
1390 1267 1410 1308 a

245 1354 380 1438 quadam
406 1352 591 1432 incenante,
624 1353 698 1436 quid
723 1358 830 1434 posset
852 1352 973 1430 facere,
1007 1355 1043 1414 ut
1073 1371 1170 1416 asuo
1192 1352 1262 1416 viro
1285 1350 1409 1435 ditige-

245 1468 333 1523 retur
356 1457 502 1522 multum.
550 1455 607 1520 Cui
631 1457 705 1522 illa:
730 1456 870 1522 ‘Summo
888 1477 979 1520 ruane
996 1454 1133 1519 intrabis
1156 1454 1285 1519 bortum
1307 1461 1409 1520 tuum

245 1569 277 1628 et
292 1563 372 1628 nulli
391 1562 493 1627 eundo
510 1561 559 1626 rel
577 1562 734 1627 redeundo
752 1563 847 1627 facias
871 1563 1001 1626 verbnm
1020 1565 1052 1625 et
1074 1561 1107 1624 in
1124 1581 1160 1624 eo
1184 1561 1329 1644 ingressa
1354 1567 1408 1626 ter

208 1697 230 1734 rc
245 1691 350 1754 genua
371 1669 500 1733 flectens
524 1689 631 1732 versus
654 1668 808 1733 orientem
832 1668 963 1732 dicendo
988 1665 1083 1730 Pater
1110 1671 1220 1730 noster
1243 1670 1276 1730 ct
1297 1689 1407 1749 pones

244 1781 276 1838 te
299 1778 492 1858 prostratam
515 1795 621 1838 coram
646 1772 703 1837 tali
728 1773 836 1853 herbe,
860 1794 941 1858 quae
964 1777 1014 1836 est
1037 1773 1070 1834 in
1096 1771 1217 1854 angulo
1242 1771 1344 1851 horti,
1373 1777 1408 1836 et

245 1880 320 1965 quid
344 1879 453 1943 audias
476 1879 538 1957 ibi,
571 1877 668 1942 facias
699 1883 732 1942 et
754 1878 859 1942 velata
890 1877 970 1942 facie
1003 1877 1121 1942 redibis
1151 1877 1189 1940 ad
1222 1874 1406 1960 hospitium

245 1994 335 2049 tuum
359 1984 515 2049 neminem
539 1983 727 2049 salutando!
773 1982 915 2068 (tumque
939 1982 1046 2047 vetula
1076 1982 1293 2065 praevenisset
1326 2005 1405 2047 enm

244 2091 281 2155 ad
306 2092 436 2155 bortum
460 2085 492 2154 et
508 2088 723 2153 abscondisset
740 2109 772 2152 se
795 2088 885 2152 iuxta
902 2089 1034 2152 herbam
1058 2094 1090 2151 et
1106 2087 1274 2151 invencuta
1294 2093 1404 2152 staret

208 2221 230 2260 15
245 2197 290 2261 ibi
313 2199 484 2280 prostrata,
508 2193 616 2259 vetula
639 2193 790 2257 mutando
814 2215 922 2258 rocem
946 2193 1043 2258 dixit:
1074 2191 1184 2271 ‘Taum
1208 2215 1315 2276 pacem
1342 2193 1405 2256 ha·

246 2300 353 2366 babis'
400 2298 541 2383 Cumque
567 2299 623 2364 illa
646 2300 778 2364 redisset
800 2306 832 2363 et
857 2298 993 2376 vetulae,
1017 2299 1100 2382 quod
1117 2299 1293 2376 audiverat,
1315 2321 1405 2363 nun·

244 2407 364 2485 basset,
388 2406 444 2470 illa
468 2405 526 2468 boc
543 2404 756 2470 confirmando
780 2403 842 2468 ait:
868 2403 964 2467 ‘Bene
980 2403 1101 2468 dictum
1124 2407 1172 2467 est
1194 2403 1272 2478 tibi:
1296 2405 1323 2466 si
1351 2411 1403 2468 ta·

245 2514 346 2583 oneris
370 2519 402 2578 ct
424 2513 495 2576 viro
519 2516 574 2575 tuo
609 2511 689 2574 mala
713 2510 818 2574 locuta
841 2531 904 2574 nou
926 2508 1046 2588 fueris,
1076 2531 1184 2593 pacem
1210 2510 1346 2575 habebis
1372 2519 1405 2576 et

246 2623 307 2689 eris
330 2620 445 2685 dilecta
466 2639 524 2701 per
547 2615 638 2683 eum'

674 2875 776 2942 XllIb
800 2889 843 2948 (zu
856 2901 897 2940 nr.
910 2883 965 2953 50).

587 3021 655 3094 Die
683 3021 760 3094 altc
786 3020 839 3092 im
866 3022 1055 3095 strcuoba.

246 3205 502 3276 (Vincentius
521 3203 747 3267 bellovacensis,
774 3202 920 3272 Speculum
941 3201 1047 3258 morale
1067 3205 1092 3267 3,
1112 3212 1136 3268 u,
1157 3213 1185 3259 1:
1204 3205 1255 3260 ‘Dc
1273 3206 1403 3262 custodia

750 3289 893 3360 linguae'.)

337 3445 419 3511 Item
443 3467 512 3509 cum
531 3445 680 3528 quaedam
707 3441 872 3506 iuvencuta
889 3440 1066 3525 requireret
1089 3441 1259 3525 a'quadam
1277 3445 1398 3522 vetula,

207 3572 232 3610 ²⁵
247 3574 327 3638 quae
351 3551 516 3616 dicebatur
539 3548 722 3626 divinatur,
747 3546 822 3630 quid
840 3546 945 3610 facere
960 3550 1077 3629 posset,
1102 3546 1185 3610 unde
1209 3569 1318 3630 pacem
1333 3549 1395 3613 riri

245 3658 293 3722 sui
317 3656 433 3721 habere
465 3653 585 3717 valeret
608 3658 640 3716 et
663 3673 822 3730 amorem,
854 3650 1101 3728 etruscern,
1134 3651 1216 3735 quod
1252 3675 1322 3719 eam
1355 3655 1400 3718 ita

246 3763 328 3829 male
353 3760 524 3838 tractabat,
548 3759 629 3823 dixit
643 3757 761 3835 vetula,
785 3757 867 3842 quod
891 3777 1015 3820 summo
1039 3777 1131 3820 mane
1153 3764 1305 3840 surgeret
1326 3765 1399 3823 ante

246 3870 328 3934 diem
351 3873 382 3932 et
406 3867 543 3930 intraret
565 3864 702 3928 vicinum
729 3863 852 3928 vetulae
877 3862 1005 3926 bortum
1037 3865 1070 3925 et
1092 3863 1175 3947 quod
1200 3885 1262 3928 non
1287 3864 1397 3948 loque·

247 3981 336 4039 retur
351 3972 453 4039 eundo
474 3992 531 4036 nec
548 3969 706 4034 redeundo
730 3975 772 4046 ct,
788 3990 859 4033 cum
882 3968 959 4033 illuc
975 3968 1109 4044 veniret,
1132 3989 1237 4052 genua
1260 3968 1398 4034 flecteret

208 4097 234 4136 ³⁰
249 4101 356 4144 versus
379 4079 532 4143 orientem
558 4082 608 4140 ter
624 4081 655 4140 et
671 4074 767 4141 Pater
790 4081 897 4139 noster
920 4074 1039 4138 diceret
1065 4077 1097 4138 et
1121 4075 1161 4138 ab
1185 4073 1295 4152 barba,
1320 4095 1398 4158 quae

248 4191 379 4250 vocatur
394 4203 521 4260 aunone,
545 4187 711 4267 quaereret
736 4187 794 4260 ter,
820 4180 896 4264 quid
920 4179 1049 4258 faceret,
1074 4179 1150 4263 quia
1164 4179 1214 4243 vir
1236 4201 1311 4245 suus
1331 4201 1396 4244 eam

315 4392 348 4448 31
369 4391 483 4462 verona]
497 4392 572 4444 statt
585 4407 689 4446 aurona
702 4389 754 4443 bat
766 4387 872 4452 Herod,
885 4387 1115 4459 Promptuarium
1127 4388 1319 4460 exemplorum
1331 4389 1391 4444 1481

247 4479 291 4540 lit.
311 4479 348 4548 Μ,
367 4497 409 4536 nr.
431 4478 463 4536 18
482 4477 641 4536 ‘Iuvencula
660 4477 798 4554 quaedam
819 4477 954 4536 moritum
972 4493 1053 4534 suum
1073 4475 1140 4534 fecit
1158 4479 1352 4539 messuerunt
