2990 5068
799 397 862 462 146

255 570 398 655 ceperis,
433 593 505 634 nam
542 577 578 635 nt
610 573 718 658 inquit
753 571 948 660 A[vicenna]
978 576 1011 638 l·
1034 572 1128 660 f[en]i
1162 573 1340 660 c[apitnlo]
1380 581 1416 638 l:

258 675 319 740 »ut
341 698 379 741 ex
403 677 464 755 eis,
488 697 550 761 que
573 676 647 743 huie
670 680 763 744 modo
787 679 1005 746 medieacionis
1027 685 1103 745 sunt
1125 681 1320 765 propinqua,
1343 685 1413 743 est«

255 785 314 845 etc.
336 781 369 858 ¹,
402 780 478 865 quia
509 784 681 848 secundum
706 786 917 850 mutacionenr
942 787 1023 851 adria
1055 791 1087 850 at
1118 786 1260 868 regionis
1294 788 1416 850 mutari

255 887 419 952 consuevit
443 891 475 954 01
506 887 644 954 influxus
668 891 811 970 celestia,
840 891 896 975 qni
919 896 1082 975 tamquam
1106 912 1199 956 eausa
1223 890 1416 974 principalia

253 992 311 1058 heo
332 993 449 1057 alterat
480 991 633 1058 inferiora
667 1000 723 1059 eta
784 995 881 1062 Recte
904 997 1004 1080 igitur
1035 996 1115 1062 facis
1146 1001 1178 1060 et
1202 995 1296 1060 laudo
1322 996 1414 1060 iuxta

254 1103 501 1183 preconoeptum
525 1121 658 1183 operose
680 1104 843 1188 prosequi.

343 1204 390 1269 De
411 1208 501 1270 statu
523 1206 632 1270 statim
658 1207 803 1272 habendo
827 1207 957 1272 difficile
974 1209 1044 1275 erit.
1084 1205 1194 1272 Habui
1218 1207 1412 1271 scrutinium

252 1311 390 1394 diligens
406 1310 569 1391 hactenus,
593 1333 658 1392 nec,
682 1313 756 1378 dum
775 1312 856 1377 lares
872 1316 1025 1398 paternos
1042 1313 1172 1396 petieris
1188 1318 1222 1376 et
1234 1311 1409 1397 aliqualem

252 1417 403 1483 noticiam
437 1422 470 1481 et
504 1416 623 1482 famam
657 1418 689 1482 in
714 1419 834 1502 populo
857 1419 1051 1504 acquisieris,
1083 1419 1114 1482 in
1148 1417 1217 1482 dies
1241 1416 1328 1482 fama
1353 1439 1413 1500 per

252 1529 354 1587 terras
378 1522 481 1586 varias
507 1522 665 1603 volitabit,
690 1545 751 1608 que
775 1525 901 1589 facilem
928 1525 988 1589 tibi
1006 1523 1183 1608 prebebunt
1205 1521 1328 1586 aditum
1342 1526 1411 1584 sta·

253 1633 304 1692 tus
327 1626 531 1711 adipiscendi.
588 1627 656 1695 Nec
690 1630 795 1694 minus
828 1631 986 1715 vigilabo,
1024 1629 1173 1714 quoniam
1198 1649 1322 1711 semper
1348 1628 1409 1690 tibi

252 1733 431 1816 morigerus
454 1754 525 1812 ero,
551 1755 613 1818 que
636 1733 815 1818 profectum
842 1734 1060 1819 honoremque
1082 1740 1174 1798 tuum
1202 1737 1409 1798 concernunt.

252 1836 444 1902 Catervatim
470 1839 531 1903 huo
554 1839 587 1901 in
611 1840 660 1904 die
683 1841 827 1905 doctores
850 1841 1005 1906 medicine
1027 1839 1204 1905 confluunt.

337 1943 410 2026 Ipso
433 1944 483 2008 die
506 1943 587 2010 feria
609 1949 642 2012 3·
666 1951 738 2028 post
761 1946 908 2010 estomibi
937 1946 1031 2010 1466.

802 2271 862 2344 67.

250 2426 446 2500 Hermann
484 2425 639 2502 Schedel
684 2451 733 2500 an
776 2427 989 2499 Hartmann
1030 2425 1196 2500 Sobedel.
1269 2429 1407 2524 [Auga-

618 2551 714 2644 burg
749 2549 846 2622 1466
871 2551 956 2644 juni
984 2550 1036 2645 ff.]

615 2703 787 2761 0000041.
807 2705 868 2759 aaa.
905 2704 1036 2774 concept.

251 2827 561 2895 llltlckvvunsch
584 2853 656 2894 zur
679 2830 922 2916 erlangung
945 2829 1013 2894 des
1037 2827 1298 2895 doktorats¹.
1336 2827 1410 2894 Be·

249 2933 413 3012 dauert,
437 2933 792 3000 dassllartmann
816 2937 942 3000 nieht
965 2935 1071 2998 nach
1089 2935 1315 3019 Augaburg
1338 2959 1409 3020 ge·

344 3039 622 3104 kommensei.
669 3039 1309 3126 lllagenttberseinemutter.

335 3179 475 3246 Salutem
499 3180 671 3264 plurimam
695 3181 781 3246 dicit.
836 3179 954 3245 Patrue
985 3180 1203 3244 amantissime
1227 3201 1262 3244 ao
1291 3180 1407 3244 doctor

246 3285 458 3350 celeberrime.
515 3285 639 3352 Literas
675 3291 746 3352 tuas
780 3287 961 3350 iamdudum
996 3288 1193 3369 exspectatas
1217 3285 1323 3367 pridie
1349 3307 1408 3368 per

245 3393 401 3456 sororium
425 3414 530 3457 meum
554 3391 775 3457 Hermannum
798 3415 892 3477 quam
924 3392 1111 3476 voluptuose
1134 3413 1185 3454 ma
1207 3390 1290 3456 scias
1315 3412 1407 3456 aoce-

247 3498 339 3578 piase.
387 3496 555 3561 Infandum
580 3503 647 3576 est,
681 3520 776 3582 quam
801 3497 982 3582 gratissime
1005 3494 1085 3560 mihi
1109 3495 1209 3572 fuere,
1231 3499 1407 3579 presertim

247 3601 320 3664 dum
338 3605 369 3666 te
384 3601 467 3666 lares
484 3603 604 3686 patrios
623 3640 660 3650 -
680 3625 743 3688 quo
759 3603 805 3667 nil
821 3603 949 3667 suavius
972 3639 1004 3648 -
1024 3599 1145 3666 salvum
1163 3622 1307 3680 eernere,
1332 3625 1406 3685 pre·

245 3705 366 3770 clarum
398 3706 535 3787 honore,
571 3709 830 3773 iocundissimum
865 3709 1000 3792 denique
1031 3729 1102 3772 cum
1131 3705 1349 3789 anrplitudine
1373 3715 1405 3772 et

246 3808 404 3894 dignitate
419 3815 602 3878 doctoratus
620 3813 785 3898 reperijsse
804 3811 1029 3877 intellexerim.
1067 3809 1258 3894 Pergratum
1275 3808 1404 3890 fuisset,

243 3921 275 3981 te
298 3939 336 3980 ex
363 3915 522 4002 Inspruclr
545 3941 615 3984 cum
650 3919 771 3984 civibus
807 3918 924 3983 nostris
950 3917 1129 4000 Augustam
1162 3914 1364 3999 applicuisse
1381 3917 1404 3995 ⁸,

815 4049 833 4084 ἢ

316 4139 327 4189 1
350 4153 386 4194 sc.
405 4134 528 4193 mutatio
546 4137 581 4192 de
598 4137 681 4201 terra,
701 4136 737 4191 ad
756 4139 871 4201 terram,
890 4135 924 4190 de
942 4141 1006 4190 aere
1025 4135 1063 4190 ad
1081 4139 1183 4196 adrem,
1202 4151 1223 4187 a.
1244 4134 1400 4197 10100000,

244 4224 339 4280 Canon
356 4225 426 4281 1100
447 4229 548 4298 4⁸0ap.
564 4228 587 4280 1.
650 4227 667 4278 2
687 4225 846 4281 Hartmanu
866 4224 961 4278 warde
983 4241 1030 4278 am
1053 4225 1096 4278 17.
1116 4222 1190 4292 april
1211 4223 1280 4277 1466
1300 4222 1403 4279 dolrtor

244 4329 265 4366 s.
280 4313 472 4368 wattenbach
490 4313 507 4368 i.
527 4314 554 4369 d.
567 4315 761 4382 Forscbungen
783 4313 829 4377 Xl,
849 4313 898 4368 367
920 4311 946 4366 ff.
1002 4311 1199 4366 elnensem
1219 4309 1305 4366 codex
1324 4309 1401 4364 steht

244 4403 262 4456 l.
276 4402 328 4456 210
341 4400 453 4472 einlage
471 4401 516 4456 ein
535 4401 721 4471 brielconcept
735 4400 909 4466 Hermanno,
927 4402 956 4454 in
977 4401 1042 4456 dem
1062 4417 1092 4455 er
1114 4400 1168 4454 den
1191 4401 1399 4469 unganannten

243 4491 407 4546 adressaten
426 4507 473 4544 nm
494 4491 690 4561 iibarsendung
708 4489 816 4561 einiger
835 4489 971 4544 materiae
989 4492 1020 4558 (s.
1034 4507 1058 4545 o.
1074 4507 1100 4559 p.
1119 4488 1181 4557 27¹)
1200 4487 1305 4542 bittet:
1332 4487 1401 4542 »Iao-
