2990 5068
771 403 833 470 170

227 579 313 664 cipes
342 585 497 646 exercent.
560 577 679 645 Nullus
707 583 814 646 tamen
847 579 1022 665 preciosior
1052 580 1314 666 splendidiorque
1362 581 1405 643 in
1492 565 1493 588 ¹

227 690 384 770 apparatu
408 687 557 752 exteriori
581 685 704 752 relucet
727 687 796 771 ipsc
819 685 1018 766 Tenderffer,
1041 686 1098 771 qui
1113 685 1247 752 cottidie
1267 685 1404 770 splen·

227 789 299 857 dide
321 791 462 857 vestibus
484 791 722 876 pretiosissimis
737 814 776 858 ex
798 813 875 858 euro
891 797 923 858 et
939 792 1040 858 serico
1056 791 1213 858 contextis
1239 792 1271 856 in
1292 791 1404 875 pub-

227 895 322 961 licum
343 897 496 980 procedit,
521 897 575 982 qui
592 897 665 962 dum
683 895 939 982 Nurembergem
959 918 1029 963 cum
1054 896 1132 962 duce
1148 893 1305 962 Ludovico
1336 896 1403 962 iu-

228 1005 338 1080 traret,
361 1001 516 1086 populum
539 1005 741 1070 suumomni
766 1025 837 1070 cum
860 1024 978 1088 pompe
998 1003 1200 1086 maximoque
1222 1004 1403 1086 apparatu

228 1108 435 1191 gubernendo
465 1130 524 1192 per
556 1109 660 1176 lorum
684 1115 716 1175 et
739 1109 862 1194 plateas
893 1109 1075 1192 conspicere
1103 1106 1189 1172 feeit.
1238 1105 1401 1172 Marchio

227 1218 334 1278 temen
359 1214 522 1294 Albertus,
546 1216 600 1301 qui
623 1220 697 1301 post
720 1237 791 1280 eum
813 1213 1067 1300 Nurembergam
1091 1212 1248 1292 intrarit,
1271 1211 1399 1295 pluree

227 1316 289 1381 lior
318 1338 354 1382 eo
386 1318 418 1382 in
443 1320 562 1404 populo
593 1319 657 1385 fuit
686 1324 729 1400 et,
752 1320 780 1384 si
803 1319 851 1384 les
873 1324 921 1384 est
947 1318 1070 1397 dicere,
1102 1317 1250 1402 quamvis
1276 1315 1398 1382 colore

226 1427 358 1502 semoto,
379 1424 492 1490 meicri
515 1430 621 1491 tamen
645 1425 810 1491 honestate
838 1423 1030 1508 sacellisque
1060 1421 1312 1501 velencioribus,
1347 1427 1395 1486 nt

228 1528 328 1593 eciam
350 1527 437 1594 fame
459 1530 637 1614 vulgariter
659 1531 712 1597 hic
734 1531 809 1609 fert,
833 1529 975 1596 intravit.
1012 1528 1268 1614 resumpturos
1292 1523 1395 1613 prin·
1493 1510 1494 1590 l

228 1633 314 1716 cipes
336 1633 364 1698 ei
396 1635 522 1700 obviam
554 1637 677 1716 darant,
709 1636 772 1700 dux
802 1641 908 1700 tamen
942 1633 1119 1701 Ludoricus
1151 1639 1184 1700 et
1217 1632 1393 1718 episcopus

230 1737 434 1804 Eiststtensis
456 1741 517 1805 sibi
540 1741 666 1807 obviem
688 1741 764 1806 dare
786 1740 983 1806 recusabant.

776 2076 837 2148 74.

229 2213 422 2287 Hermann
441 2213 594 2289 Schedel
622 2239 671 2288 an
687 2215 879 2312 [Valentia
911 2213 1018 2290 liber.
1068 2211 1268 2310 Nflrnberg
1286 2214 1385 2286 1467

708 2341 863 2436 august]
881 2347 904 2414 ¹.

597 2493 661 2548 clm.
680 2493 731 2548 224
751 2494 770 2550 f.
789 2493 850 2549 307.
886 2492 1017 2563 concept.

311 2613 608 2701 Fortsetzung
631 2617 698 2682 des
722 2617 923 2684 berichts
946 2639 1034 2683 rom
1058 2615 1316 2702 reichstege.

319 2755 462 2824 Salutem
495 2779 565 2824 cum
599 2759 728 2844 optione
763 2759 867 2824 omnis
894 2759 989 2840 boni,
1021 2759 1121 2826 amice
1154 2763 1388 2844 preceptcrque

229 2861 359 2946 optime.
384 2862 453 2928 Etsi
469 2886 643 2950 numquam
655 2865 876 2945 dubitaverim,
896 2886 951 2930 vos
966 2864 1045 2931 milri
1062 2864 1132 2930 fore
1148 2864 1388 2942 amicissimum,

231 2968 294 3052 hijs
317 2973 422 3034 tamen
447 2971 561 3035 vestris
589 2971 719 3054 scriptis
747 2970 851 3036 solum
881 2965 1043 3042 incinuere
1073 2969 1211 3054 cupitis,
1243 2973 1388 3035 vestrum

230 3074 415 3139 continuum
440 3095 516 3161 erge
531 3098 582 3141 me
597 3096 736 3142 aurorem
758 3097 821 3141 non
837 3097 929 3160 posse
945 3075 1077 3156 remitti,
1101 3080 1137 3140 ut
1152 3095 1227 3140 vere
1248 3077 1389 3141 amantis

230 3179 396 3263 proprium
420 3183 486 3259 est,
510 3186 559 3246 set
581 3181 795 3248 indesinenter
817 3177 953 3263 intendi,
975 3178 1123 3261 temen‘,
1153 3202 1224 3248 cum
1248 3203 1311 3269 que
1333 3180 1389 3248 hic

232 3285 264 3348 in
287 3283 383 3364 dieta,
407 3284 461 3349 ubi
474 3285 614 3352 medulla
630 3286 813 3370 principum
829 3289 862 3351 et
877 3287 1019 3369 ipsorum
1035 3287 1290 3354 consiliariorum
1311 3307 1385 3353 con·

230 3393 449 3475 gregatorum,
471 3389 640 3479 ega[n]tur
656 3391 746 3457 eride
760 3392 841 3458 scire
864 3391 991 3475 cupitis,
1016 3415 1076 3477 que
1098 3392 1178 3458 mihi
1201 3398 1280 3458 nota
1301 3397 1387 3472 sunt,

231 3494 351 3559 celemc
382 3517 512 3562 exarare
543 3497 673 3563 minime
707 3498 814 3582 piguit
828 3495 850 3561 ³.
880 3533 922 3544 -
948 3496 1010 3562 Per
1032 3497 1126 3563 hosce
1151 3519 1288 3582 namque
1311 3497 1385 3575 dies,

233 3601 348 3684 quibus
372 3603 558 3688 congregati
582 3603 679 3682 fuere,
704 3601 750 3667 nil
774 3601 919 3686 penitus,
943 3603 1025 3687 quod
1050 3603 1176 3668 leudem
1198 3606 1383 3680 mereretur,

233 3710 379 3788 egerunt.
426 3703 608 3772 Novissime
631 3708 777 3792 deputati
799 3713 876 3772 sunt
904 3707 1156 3792 aprincipibua,
1179 3707 1218 3773 de
1241 3707 1385 3792 quolibet

233 3809 380 3876 videlicet
402 3812 548 3896 principe
570 3835 670 3891 unus,
701 3836 717 3876 e
740 3811 1005 3878 ambasiatoribus
1037 3813 1222 3898 principum
1248 3813 1301 3877 hic
1325 3834 1383 3878 non

232 3916 440 3982 existencium
457 3918 566 3984 itidem
585 3922 617 3984 et
632 3919 671 3983 de
686 3918 870 3984 civitatibus
882 3918 987 3983 missis
1002 3919 1092 3999 certi,
1109 3919 1164 4004 qui
1182 3939 1243 4002 pro
1262 3922 1383 4002 treuga,

233 4021 471 4106 tranquillitate
492 4045 529 4088 ec
552 4046 628 4108 pace
654 4025 795 4092 nacionis
818 4024 999 4110 germanice
1023 4029 1055 4088 et
1076 4025 1287 4108 suspensione
1311 4045 1383 4089 con·

234 4129 386 4192 troversie
408 4127 493 4194 inter
516 4151 625 4216 regem
641 4131 768 4196 Boemie
792 4135 823 4196 et
848 4131 966 4194 incolas
990 4129 1082 4213 regni
1105 4129 1323 4212 providerent,
1353 4135 1384 4194 ut

234 4254 294 4314 per
317 4233 410 4297 firme
425 4236 612 4320 stabilisque
628 4237 748 4301 firmari
772 4236 885 4320 possit,
910 4239 947 4300 ut
963 4235 1119 4300 transitus
1135 4239 1249 4299 contra
1266 4232 1385 4299 Turccs

801 4405 821 4442 rr

305 4479 317 4531 l
339 4479 392 4532 Zur
411 4479 522 4535 adresse
541 4499 561 4534 e.
583 4480 732 4550 rorigeur.
784 4483 800 4534 2
818 4480 875 4535 cod.
896 4481 1019 4534 tantum.
1086 4477 1228 4534 eschom
1248 4478 1385 4534 verderbt.
