3002 5062
566 425 777 498 ummo
1181 433 1244 497 m

86 599 264 665 sacerdotis
286 623 322 666 ac
346 602 429 667 fabri
456 603 592 680 ferrarii,
616 603 693 668 licet
717 605 765 667 vir
788 609 917 686 putaret
940 627 1069 669 uxorem
1094 628 1155 670 non
1171 608 1243 671 ,vio-

86 706 158 770 lare
181 706 253 770 iura
275 709 426 793 coniugii.
473 707 617 792 Contigit
642 709 778 792 quodam
794 709 846 773 die
861 711 1053 774 sacerdotem
1072 733 1137 776 esse
1161 713 1245 794 apud

85 814 1243 900 uwmfflwmmmmmmwssmmmmmm

85 923 241 984 nestrum.
278 919 408 996 Quaerit
434 943 522 999 uxor,
547 923 618 1005 quis
633 921 676 984 sit
693 921 747 986 ibi.
781 920 875 985 lubet
901 921 956 985 ille
972 922 1098 986 ianuam
1115 923 1242 1005 aperiri.

87 1019 239 1088 Consulit
261 1025 318 1088 illa
333 1027 538 1091 sacerdotem.
570 1023 603 1090 N
605 1033 679 1108 egat
694 1026 750 1090 ille
765 1027 893 1110 aperiri.
932 1025 995 1090 Illa
1011 1033 1136 1092 recusat
1151 1029 1269 1092 sabroe

85 1129 259 1192 introitum
282 1131 404 1196 diceus:
428 1130 522 1196 ‘Vere
546 1153 607 1196 non
625 1152 752 1214 possum
777 1137 810 1197 te
825 1130 1041 1196 intromittere
1065 1132 1148 1198 iam’
1189 1134 1244 1198 Ait

83 1234 196 1300 faber:
229 1233 372 1320 ‘Porrige
398 1237 475 1301 mibi
499 1237 611 1302 saltem
636 1239 777 1303 osculum
809 1260 869 1322 pro
901 1238 1110 1304 valedictione
1122 1237 1138 1304 !'
1177 1241 1243 1302 Au·

85 1338 1244 1428 [ffifflffimwmmmwmhffimmfflnmfflmmm

84 1447 225 1511 novam.’
271 1445 425 1530 Deposuit
449 1449 616 1513 femoralia
638 1471 712 1527 sue¹
746 1451 886 1513 exseruit
919 1454 1008 1513 nates
1032 1471 1069 1512 ex
1093 1449 1242 1526 fenestra,

85 1572 168 1634 ques
191 1551 353 1616 osculatus
383 1557 431 1616 est
462 1553 551 1618 faber
583 1559 671 1617 ratus
703 1553 802 1617 fuisse
834 1575 962 1618 uxorem
999 1554 1184 1618 mercatoris
1212 1560 1245 1617 et
1261 1575 1283 1610 ιο

87 1655 183 1722 abiit.
229 1657 401 1742 Presbyter
432 1659 552 1723 desiliit
583 1681 621 1723 ex
654 1680 799 1737 scamno,
834 1659 974 1724 occludit
1006 1658 1178 1723 fenestram
1213 1664 1245 1722 et

85 1767 184 1845 putet
206 1764 314 1829 omnia
335 1764 431 1830 salva.

180 1867 282 1934 Faber
304 1871 337 1934 iu
362 1872 466 1936 reditu
490 1871 592 1936 volvit
615 1871 647 1936 in
671 1871 777 1935 animo
801 1871 898 1936 fuisse
920 1871 1125 1949 sacerdotem,
1149 1892 1241 1955 quem

86 1975 253 2039 osculatus
275 1976 339 2056 sit,
362 1982 396 2040 et
418 1977 523 2041 studet
547 1977 715 2042 vindictae.
762 1976 920 2040 Calefacit
949 1998 1025 2061 ergo
1054 1977 1172 2040 ferrum
1204 1977 1243 2040 ad

87 2102 273 2161 summum,
307 2081 390 2146 redit
412 2083 449 2146 ad
475 2082 645 2147 fenestram
669 2103 706 2146 ac
729 2081 846 2165 pulsat.
893 2079 1024 2156 Quaerit
1047 2103 1140 2158 uxor,
1172 2081 1244 2164 quis
1260 2100 1283 2138 n

88 2185 1241 2253 &Pfflmfflmmmimfflffimwmmmm

89 2290 203 2374 Negat
227 2291 282 2355 ille
305 2293 430 2356 iterum.
477 2290 654 2375 Respondit
669 2291 726 2355 illa
742 2297 779 2355 ut
801 2296 885 2354 ante.
924 2288 1032 2376 Rogat
1048 2288 1103 2354 ille
1126 2290 1241 2354 iterum

85 2396 235 2462 osculari.
282 2396 373 2462 Dixit
395 2399 511 2462 iterum
527 2399 686 2462 sacerdos:
709 2395 812 2476 ‘Siste
829 2396 944 2460 mulier
954 2395 972 2459 l'
996 2400 1028 2459 et
1051 2395 1179 2459 demisit
1194 2395 1242 2458 fe·

88 2503 227 2568 moralia
253 2526 287 2567 ac
313 2505 451 2568 exseruit
477 2503 583 2568 culum
614 2524 672 2586 per
702 2502 884 2566 fenestram.
929 2499 1049 2565 Videns
1071 2500 1161 2565 faber
1184 2500 1244 2563 boc

85 2609 175 2692 cepit
203 2610 340 2673 candens
363 2607 483 2672 ferrum
515 2615 547 2672 et
579 2608 694 2673 indidit
722 2608 800 2672 illud
832 2609 865 2671 in
898 2607 1037 2690 podicem
1062 2605 1242 2669 sacerdotis.
1259 2627 1283 2664 ao

87 2709 1243 2798 [mammeammwmmmmmmwmmmm

89 2826 124 2884 et
142 2821 309 2884 continuat
324 2820 491 2884 clamorem
509 2819 612 2884 illurn.
638 2817 796 2883 Mercator
812 2819 845 2881 in
862 2815 934 2880 navi
950 2816 1080 2881 audiens
1093 2837 1162 2879 eum
1179 2815 1244 2879 cla·

88 2947 232 3005 morem,
265 2930 354 2989 ratus
380 2925 536 2989 diluvium
560 2925 666 2988 adesse
695 2921 889 3007 praescindit
918 2921 1042 3000 funem,
1074 2926 1190 3004 putans
1212 2940 1244 2983 se

87 3038 251 3096 naturum.
299 3029 424 3094 Decidit
455 3029 565 3107 navis,
595 3033 825 3112 conquassatur
847 3035 879 3090 et
902 3025 1135 3110 confringitur3
1161 3047 1244 3089 mer·

87 3142 180 3202 catur
212 3134 343 3200 effertur
372 3134 597 3198 semimortuus
625 3135 657 3196 in
683 3135 807 3198 domum
832 3153 932 3197 suam.
1257 3151 1283 3189 aa

179 3240 267 3305 Haec
282 3240 390 3305 omnia
405 3239 588 3304 conciliavit
603 3239 702 3302 nimia
718 3238 774 3301 illa
799 3236 968 3321 prudentia
990 3236 1158 3313 mundana,
1182 3256 1244 3319 qua

88 3345 259 3429 dissipavit
283 3350 439 3411 mercator
458 3366 494 3408 ac
509 3343 649 3427 perdidit
663 3364 720 3406 sna
743 3343 835 3421 bona,
862 3339 969 3405 uxoris
993 3339 1146 3423 pudicitia
1169 3361 1243 3423 pro·

91 3452 211 3516 stituta
233 3455 301 3530 eat,
333 3451 504 3514 sacerdotis
528 3449 647 3513 sanitas
674 3468 710 3510 ac
731 3447 800 3511 vita
829 3445 1025 3529 periclitate;
1063 3465 1242 3530 quanquam

88 3556 267 3640 optandum
299 3561 381 3620 esset
411 3555 558 3620 omnibus
589 3553 765 3618 huiusmodi
797 3552 950 3617 scelerum
982 3550 1243 3614 sollicitatoribus

88 3662 173 3726 idem
197 3661 332 3725 evenire.
1256 3678 1282 3715 ro

543 3891 782 3967 mmmm

233 4036 376 4109 Fabula
404 4036 448 4108 de
476 4037 669 4108 sacerdote
699 4039 738 4106 et
766 4033 924 4128 simplici
950 4029 1102 4102 rustice.

156 4191 251 4262 (casp.
270 4191 486 4260 Gropacins,
502 4189 648 4246 Poemata.
685 4188 858 4257 Noribergae
878 4188 953 4250 1581,
979 4203 1000 4240 s.
1019 4185 1178 4255 ael-294.)

249 4315 370 4385 Tempus
389 4317 458 4381 erat,
480 4313 571 4385 pecori
590 4331 644 4382 quo
663 4311 766 4382 pandit
783 4309 870 4366 ovilia
888 4311 992 4380 pastor,

247 4407 357 4458 Aureus
374 4402 523 4473 Hesperias
542 4401 668 4458 Phoebus
686 4399 786 4455 adibat
804 4415 906 4470 aquas:

160 4525 317 4597 resume.
428 4527 462 4582 en
480 4525 580 4596 prore
657 4497 669 4524 ’

963 4609 1034 4680 23*
