3062 5068
791 372 853 438 184

244 572 305 635 que
329 548 558 631 interrogavit:
591 547 670 614 »Dio
694 549 785 626 mihi,
808 546 997 628 adolescens,
1020 545 1084 612 fuit
1098 545 1268 630 aliquando
1291 548 1417 610 mater

244 659 299 720 tua
322 652 449 719 Rome?
487 651 628 736 Negavit
658 654 715 718 ille
749 675 808 719 nec
830 657 999 718 contentus
1031 652 1159 718 adiecit:
1204 650 1281 716 »Sed
1301 655 1417 736 pater

243 781 333 825 meus
354 780 457 842 sepa«
506 756 619 840 Quare,
642 760 811 824 reverende
836 763 944 842 pater,
967 758 1053 822 iuter
1074 761 1262 822 ornamenta
1283 761 1313 821 et
1335 777 1415 842 ge·

245 887 322 931 nera
344 863 482 944 laudum,
506 862 708 928 laudabiliter
727 865 757 928 d.
775 887 804 929 ι.
820 863 984 928 florentem
994 861 1030 948 (Ξ)
1054 863 1234 946 exemplum
1258 861 1297 927 ab
1317 860 1411 926 illu·

245 969 402 1036 strissimo
418 967 573 1052 principe,
596 967 683 1033 orbis
697 973 774 1034 tunc
790 969 997 1048 dominatore,
1013 968 1130 1034 sumite
1145 973 1179 1033 et
1194 989 1276 1052 equo
1289 966 1412 1032 animo

246 1077 385 1141 iocosum
409 1073 442 1138 id
458 1095 477 1137 a
492 1073 620 1138 domiuo
637 1095 706 1139 mco
728 1074 830 1140 sancti
843 1072 973 1139 Sebaldi
989 1077 1022 1139 et
1036 1073 1187 1158 sanguini
1198 1077 1302 1138 vestro
1322 1092 1412 1154 pro-

247 1181 368 1268 pinquo
391 1183 556 1263 acceptare
588 1181 620 1242 et
650 1177 683 1242 in
715 1178 877 1244 meliorem
913 1183 1040 1262 partem
1063 1176 1273 1262 interpretari
1295 1175 1413 1241 velitis

247 1285 390 1350 fraterne
412 1284 534 1349 hortor.
580 1281 834 1368 Obtempersbit,
857 1290 895 1349 ut
917 1306 1022 1371 spero,
1050 1282 1185 1369 posthac
1208 1303 1416 1368 quecumque

247 1392 276 1457 d.
301 1413 329 1456 v.
358 1389 538 1474 placuerint
560 1391 593 1454 in
616 1389 762 1473 singulis.
811 1389 863 1454 Me
886 1411 959 1454 vero
983 1413 1041 1476 pro
1064 1389 1224 1473 dignitate
1235 1387 1270 1470 (!)
1297 1393 1414 1452 vestra

247 1497 287 1561 ad
315 1501 390 1560 vota
412 1496 580 1580 suscipite,
610 1495 743 1560 statuite
780 1497 812 1559 ct
834 1495 999 1579 imperate.
1046 1495 1084 1559 ln
1109 1493 1238 1558 Christo
1261 1491 1410 1557 omnium

248 1600 406 1666 salvatore
421 1601 450 1666 d.
468 1623 495 1667 ι.
520 1622 671 1685 prospere
694 1600 799 1665 valere
822 1601 915 1686 cupio
939 1606 971 1665 et
995 1623 1044 1667 me
1067 1599 1115 1664 uti
1143 1597 1275 1683 cepistis
1290 1601 1409 1662 emate.

250 1705 297 1770 Ex
321 1704 543 1790 Nuremberga
563 1707 675 1770 sabato
698 1708 771 1788 post
795 1703 908 1771 Jacobi
932 1727 1015 1770 anno
1042 1710 1102 1771 etc.
1129 1701 1254 1770 cxlxt

337 1808 518 1888 Hermauus
540 1808 673 1875 Schedel
696 1810 807 1875 doctor
832 1814 892 1875 etc.
915 1815 1021 1875 vester
1043 1809 1271 1874 deditissimus.

338 1914 555 1998 (Rflokseite):
593 1913 776 1980 Clarissimo
811 1915 889 1979 iuris
923 1916 1089 1999 utriusque
1121 1915 1244 1980 doctori
1278 1914 1410 1979 domino

251 2017 374 2084 Thome
397 2018 591 2084 Pircheimer
614 2021 777 2104 preposito
800 2020 951 2086 canonico
971 2043 1006 2086 ac
1031 2021 1114 2086 sedis
1135 2019 1310 2104 apostolice
1333 2039 1410 2104 pro-

252 2124 412 2190 tonotario
435 2129 468 2189 et
490 2125 703 2191 referendario
728 2131 786 2191 etc.
812 2127 940 2192 domino
966 2132 997 2192 et
1022 2127 1202 2211 preceptori
1225 2147 1282 2190 suo
1305 2126 1412 2190 obser-

252 2229 453 2295 vandissimo.

799 2515 859 2588 84.

256 2661 448 2734 Hermann
486 2662 641 2736 Schedel
686 2687 734 2735 an
770 2663 929 2760 [Conrad
967 2663 1106 2736 Schutz
1120 2663 1161 2763 ἢ.
1211 2661 1414 2756 Augsburg
1516 2667 1517 2672 ’

647 2785 746 2862 1470
771 2789 911 2881 januar
940 2779 1026 2860 30¹.

613 2938 677 2992 clm.
696 2937 745 2992 441
767 2938 786 2994 i.
804 2935 882 2992 223⁵.
918 2937 1046 3007 concept.

257 3061 1009 3146 Freundschaitsversicherungcn.
1072 3058 1258 3125 Beileid
1302 3057 1416 3122 heim

258 3169 356 3233 tode
384 3169 462 3234 der
493 3169 646 3253 gattin
679 3168 756 3233 und
793 3167 1120 3254 gluclrwunsch
1155 3185 1234 3228 nur
1268 3183 1413 3227 neuen

788 3273 879 3338 eho.

345 3430 486 3496 Salutem
519 3431 689 3515 plurimam
723 3432 808 3497 dicit.
857 3430 1069 3514 Expectabam
1094 3449 1179 3494 nunc
1210 3429 1310 3512 longa
1332 3432 1411 3492 tem·

259 3539 384 3621 pestate
406 3538 439 3600 in
462 3536 539 3616 dies,
562 3537 723 3602 carissime
746 3537 775 3602 d.
799 3538 911 3602 doctor
932 3557 970 3602 ao
986 3535 1086 3600 amice
1109 3533 1274 3618 primarie,
1299 3533 1413 3598 adven-

262 3645 330 3705 tum
352 3646 494 3705 vestrum
518 3642 556 3705 ad
570 3641 761 3725 Augustam,
785 3665 856 3708 cum
873 3662 1080 3726 sepenumero
1097 3645 1129 3706 et
1144 3639 1268 3724 scripta
1284 3643 1318 3704 et
1331 3640 1414 3704 dicta

828 3813 844 3850 ²!

328 3902 340 3954 l
356 3899 467 3954 Fundis
479 3918 579 3970 person
592 3903 640 3956 des
650 3902 814 3957 adressatsn
825 3902 944 3973 engeten
961 3902 1018 3957 sich
1028 3901 1161 3971 folgende
1178 3900 1416 3971 anhaltspunkte:

264 3989 301 4043 Er
318 3989 357 4044 ist
374 3989 483 4054 doktor,
497 3989 687 4061 Nurnberger,
708 3991 764 4045 und
785 3990 853 4044 wird
873 3991 903 4046 in
914 3991 1080 4060 geschtiten
1100 3989 1150 4044 der
1163 3987 1244 4043 sude
1256 3989 1415 4052 verschicirt,

263 4077 301 4131 im
321 4075 438 4148 begriffe
465 4077 522 4132 sich
541 4096 604 4132 zum
623 4078 738 4134 aweiteu
757 4080 816 4134 mel
836 4097 869 4134 ru
889 4079 1073 4134 verheiraten.
1118 4077 1174 4131 Dae
1192 4077 1273 4142 pacet
1293 4094 1349 4132 von
1367 4077 1415 4133 den

264 4165 423 4220 bekannten
439 4165 569 4222 Schedsls
584 4183 629 4221 em
643 4167 740 4222 besten
759 4168 810 4222 auf
820 4165 930 4228 Schdtr.
949 4166 1047 4222 dassen
1060 4168 1134 4222 crete
1150 4165 1246 4221 heirat
1268 4183 1349 4221 »cum
1362 4165 1417 4220 filia

264 4251 436 4322 sigismundi
450 4251 559 4308 Ortele«
575 4253 734 4308 Hartmann
746 4253 864 4310 schedel
884 4255 913 4308 iu
932 4254 1037 4310 eeinem
1048 4251 1259 4308 hauskalender
1273 4251 1416 4324 [almuse]

263 4357 326 4482 Ἤ
346 4345 370 4396 5.
389 4345 457 4410 sept.
478 4342 546 4396 1468
564 4342 662 4406 notirt,
681 4342 813 4397 wthrend
842 4342 887 4398 die
911 4342 1008 4396 aweite
1030 4342 1070 4396 im
1090 4338 1251 4412 ,folgenden
1272 4339 1361 4396 brisfe
1378 4357 1415 4394 sr·

263 4443 288 4478 w
328 4429 360 4480 ut
378 4427 423 4482 iet.
