2990 5068
810 403 872 468 124

264 589 376 654 parere
410 569 573 656 deinceps,
613 572 650 636 ut
683 571 747 636 tnie
784 593 819 636 nc
850 569 985 635 aliorum
1016 569 1299 636 informacionibue
1332 571 1417 636 riam

265 674 423 740 inveniam
447 674 579 755 salutis,
615 687 673 761 per
696 699 792 763 qnam
816 699 854 742 ex
877 674 993 760 pelago
1015 676 1127 763 ntique
1153 675 1324 748 infernali,
1355 697 1419 761 qno

264 780 431 846 immerens
453 781 548 846 nimie
566 803 646 862 eum,
673 782 754 867 eripi
778 781 909 860 valeam,
934 783 1017 867 qnod
1042 781 1187 866 profecto
1208 803 1274 846 non
1296 781 1419 846 accidet

264 885 342 951 rneie
365 885 487 951 meritis
509 888 562 952 sed
586 887 651 953 tnie
673 894 705 953 et
727 888 864 953 aliorum
879 888 929 953 dei
952 888 1153 966 servitorum,
1176 885 1293 971 quibua
1309 907 1414 971 qnan-

263 990 377 1075 doque,
400 993 459 1057 etei
482 1013 607 1076 parum,
632 1013 749 1080 magno
772 999 879 1058 tamen
902 992 1017 1058 affectu
1039 993 1172 1072 servivi,
1202 1012 1282 1077 quoe
1304 993 1420 1075 ntique

264 1116 323 1180 pro
346 1119 395 1160 me
426 1097 510 1180 apud
533 1098 694 1164 dominum
723 1099 884 1164 oraciones
918 1098 1051 1164 fundere
1080 1119 1143 1164 non
1173 1097 1294 1164 dubito.
1346 1101 1417 1182 Age

264 1200 375 1284 igitur,
397 1200 498 1266 frater
521 1203 583 1282 mi,
612 1207 647 1268 ιιι
671 1203 817 1288 quidvis
851 1225 901 1268 me
922 1203 1027 1269 facere
1050 1209 1082 1268 et
1104 1204 1173 1268 eine
1197 1208 1230 1269 te
1252 1224 1318 1268 non
1342 1223 1417 1287 poe·

265 1325 334 1369 euni
358 1303 471 1385 faeere,
496 1312 531 1373 ut
554 1311 587 1372 te
610 1313 735 1391 agente,
759 1311 792 1372 te
816 1309 1018 1392 impetrante,
1043 1314 1076 1374 te
1091 1311 1153 1375 mei
1169 1309 1346 1374 miserante
1369 1308 1417 1372 la-

265 1409 354 1474 eiam.
401 1409 553 1478 Desidere
576 1434 613 1477 ex
637 1413 731 1478 corde
753 1417 877 1479 mutare
899 1415 998 1480 vitam
1022 1421 1054 1481 et
1071 1416 1201 1481 induere
1218 1437 1337 1481 novum
1365 1417 1418 1478 ho

265 1514 381 1579 minem
405 1517 644 1600 incorporatum
670 1518 832 1584 rixeribua
856 1518 986 1585 Christi.

356 1619 459 1686 Lectis
484 1622 533 1687 hie
558 1625 725 1691 ridiculum
751 1625 912 1692 immerito
937 1647 1000 1691 non
1022 1626 1127 1708 feciee,
1151 1629 1268 1710 putam
1291 1649 1344 1692 me
1369 1627 1417 1690 lu·

266 1724 370 1790 dibrio
394 1726 492 1813 loqui.
539 1729 634 1794 Absit
657 1751 677 1793 a
700 1733 732 1794 te
754 1729 858 1794 omnia
881 1729 955 1794 telle
977 1730 1104 1815 opinio,
1133 1730 1209 1815 quia
1231 1753 1269 1795 ex
1293 1753 1418 1795 merore

266 1831 380 1912 cordis,
404 1853 467 1898 non
483 1834 624 1900 ludibrio
640 1833 763 1920 loquor,
787 1855 889 1920 neque
913 1835 1115 1911 temulentus,
1139 1836 1193 1901 eed
1215 1856 1286 1900 cum
1312 1836 1419 1900 anima

265 1934 391 2002 effundo
414 1940 591 2006 oracionem
614 1941 648 2005 in
671 1946 843 2025 conspectu
865 1942 915 2006 dei
939 1947 971 2007 et
993 1942 1145 2008 creatoris
1168 1943 1250 2020 mei,
1285 1963 1418 2025 poeccnr

265 2047 356 2108 tunm
379 2043 543 2124 auxilium,
567 2067 638 2111 cnm
656 2047 748 2111 beato
762 2045 825 2112 Job
841 2048 997 2114 clamans:
1023 2047 1232 2112 ›Miserimini
1256 2049 1332 2127 mei,
1358 2047 1417 2112 mi-

264 2147 411 2211 seremini
435 2149 496 2214 mei
520 2150 633 2216 saltem
657 2174 721 2232 voe,
745 2153 839 2218 amici
863 2153 935 2219 mci.
973 2153 1086 2219 Menne
1114 2152 1199 2218 enim
1222 2153 1346 2218 domini
1370 2160 1415 2218 te

266 2251 346 2333 tigit
368 2273 447 2317 ine«
495 2253 628 2332 Quantis
644 2258 745 2322 modin
761 2258 872 2344 tetigit
889 2281 946 2340 me,
971 2260 1014 2324 mi
1029 2259 1140 2338 frater,
1167 2257 1308 2322 ecribere
1325 2257 1418 2322 nimie

265 2354 397 2440 longum
430 2363 528 2440 esset,
559 2367 591 2426 et
614 2368 769 2447 quantum
793 2385 852 2449 ego
876 2362 1029 2430 hactenus
1052 2363 1241 2444 restiterim,
1277 2363 1415 2450 longine.

265 2457 430 2528 Calamnm
453 2468 622 2550 propterea
645 2468 801 2548 contineo,
825 2469 878 2534 sed
895 2489 967 2534 cum
987 2490 1094 2536 coram
1118 2473 1150 2534 te
1174 2468 1273 2548 luero,
1297 2468 1415 2534 clarius

265 2566 303 2631 de
325 2567 463 2652 singulis
485 2571 657 2637 conferam.
715 2575 785 2658 Ago
815 2573 917 2660 igitur
949 2579 1003 2640 tue
1026 2574 1153 2640 caritati
1188 2575 1360 2639 immensae
1385 2595 1418 2638 ec

265 2671 461 2738 immortales
484 2677 624 2761 graciae,
656 2679 730 2764 quia
753 2681 853 2744 tantis
876 2679 1020 2763 epistolia
1048 2679 1320 2746 sanctissimarum
1343 2681 1416 2746 doc-

265 2776 422 2844 tricarum
456 2803 505 2845 me
536 2783 694 2863 visitasti,
728 2788 854 2850 tantum
882 2790 1062 2868 respectum
1094 2785 1127 2848 in
1156 2807 1257 2850 meam
1281 2785 1416 2851 salntem
1479 2789 1480 2860 l

266 2881 406 2950 habuisti
429 2889 461 2950 et
482 2892 592 2972 preter
613 2909 693 2968 eam,
717 2911 814 2974 quaa
836 2889 965 2954 domino
980 2889 1021 2954 ob
1038 2889 1097 2955 hoc
1118 2890 1331 2969 coronaberis,
1357 2911 1417 2976 ego
1479 2891 1480 2928 l

265 3009 315 3052 me
346 2989 444 3055 offero
476 2992 514 3056 ed
539 2994 648 3078 quevis
672 2999 726 3059 tue
757 2994 883 3060 caritati
913 2999 1016 3080 grata
1063 2993 1179 3060 Precor
1209 2994 1358 3112 (lenique,
1384 2999 1417 3061 nt

265 3095 384 3180 cogites
407 3117 530 3162 omnem
548 3098 675 3164 modum
697 3103 771 3184 grat
773 3122 826 3163 um
849 3105 881 3163 et
903 3104 1014 3183 aptum
1038 3099 1088 3164 dei
1114 3099 1267 3183 servicije,
1290 3101 1419 3186 quibua,

266 3207 301 3266 ut
324 3203 464 3285 premiei,
487 3203 528 3268 ab
543 3204 637 3270 huius
652 3204 749 3270 seculi
766 3203 1001 3270 calamitatibus
1019 3227 1069 3270 me
1087 3205 1249 3270 retrahere
1265 3211 1297 3272 et
1312 3207 1416 3272 locum

265 3433 390 3497 semper
412 3413 576 3479 anhelavit
599 3437 664 3480 ecee
688 3437 784 3499 penes
808 3415 936 3500 aliquod
962 3417 1188 3480 monasterium
1212 3416 1293 3482 bene
1316 3418 1415 3483 refor-

265 3522 396 3598 matum,
420 3520 536 3584 habere
559 3520 735 3604 prebendae
751 3527 783 3584 et
797 3520 915 3586 servire
931 3521 999 3586 deo.
1025 3518 1150 3604 Cogita,
1178 3521 1220 3586 mi
1240 3521 1353 3600 irater,
1377 3546 1414 3588 an

265 3623 322 3687 heo
346 3629 401 3688 aut
424 3623 487 3690 alia
518 3626 569 3690 via
592 3626 693 3711 magis
716 3625 755 3690 ad
787 3624 922 3691 salntem
952 3629 1127 3711 congruat,
1159 3625 1247 3690 etin
1272 3630 1416 3712 tempore

265 3749 322 3792 ruo
345 3734 402 3793 aut
424 3731 552 3815 scriptis
575 3737 630 3796 cut
652 3733 757 3796 verbis
780 3753 875 3814 euper
901 3751 937 3794 eo
961 3730 1162 3814 respondens.

355 3835 468 3904 Postea
500 3838 583 3902 idem
610 3838 750 3903 decenus
777 3839 849 3902 saie
881 3837 1013 3920 scriptis
1047 3837 1297 3918 reprehendebat
1333 3845 1417 3905 certo

263 3941 381 4025 (facte)
403 3963 462 4023 per
481 3941 646 4024 prefatum
668 3945 857 4027 moyistrum
873 3943 943 4008 Lur
967 3943 1072 4024 sacra,
1098 3944 1133 4006 in
1157 3944 1221 4023 fine
1247 3943 1414 4021 conclusit,

265 4052 299 4112 at
321 4047 483 4130 sequitur:
519 4047 610 4112 Hanc
633 4070 733 4112 meam
757 4048 1026 4134 obiurgacionem,
1051 4071 1146 4134 quam
1161 4047 1306 4113 fraterne
1322 4049 1414 4127 facio,

265 4155 431 4236 gratanter
453 4153 606 4236 suscipias
630 4159 662 4217 et
686 4175 752 4232 me,
777 4159 813 4218 nt
835 4153 947 4218 solitus
969 4174 1019 4233 ee,
1049 4175 1127 4218 ama.
1175 4150 1256 4217 Vale
1286 4175 1324 4217 ex
1348 4152 1415 4218 An-

266 4260 361 4340 gusta
383 4257 643 4324 festinantissime
666 4259 699 4323 in
723 4259 773 4323 die
796 4260 936 4324 cinerum
960 4281 1042 4324 enno
1058 4263 1116 4324 cto
1137 4255 1260 4325 LXV‘0.

710 4363 797 4428 Tuus
822 4363 1025 4429 [leonhardus
1049 4363 1156 4429 Geeeel
1179 4364 1325 4430 decanus.

355 4465 536 4532 Venerabili
560 4472 592 4532 et
614 4470 744 4552 egregio
764 4469 797 4533 in
821 4469 955 4534 decretis
978 4469 1145 4536 licenciato
1168 4469 1298 4534 domino
1313 4467 1412 4534 Hein-
