3062 5068
807 687 868 760 77.

267 833 458 907 Hermann
473 831 627 906 Schedel
641 855 690 905 an
703 831 895 928 [Valentio
907 833 1015 909 liber.
1056 835 1091 908 N
1093 835 1254 928 r'lrnberg
1268 833 1393 929 14671.
1411 849 1422 884 ¹

629 986 692 1042 olm.
712 988 762 1041 4⁴1
783 986 803 1042 r.
822 987 882 1042 err.
919 989 1051 1060 conoept.

264 1112 397 1196 chgc
434 1112 542 1176 liber
578 1110 656 1175 den
694 1111 824 1176 etreit
856 1111 1112 1199 Augsburga
1146 1114 1225 1178 mit
1257 1113 1425 1197 herzog

265 1217 423 1301 Ludwig
445 1237 520 1282 von
546 1214 707 1282 Baiern.
764 1216 1029 1304 Erwerbung
1052 1221 1174 1284 eines
1198 1218 1424 1286 Valerius

729 1321 962 1391 Maximus.

352 1462 465 1528 Salvus
487 1461 568 1536 sitis,
591 1461 640 1525 vir
662 1460 845 1526 clarissime.
897 1461 1033 1528 Reddite
1055 1469 1130 1528 sunt
1153 1465 1232 1528 milri
1257 1467 1424 1546 exspecta-

264 1572 388 1636 tissimo
413 1568 679 1652 ornatissimeque
713 1567 807 1633 litere
828 1573 948 1647 vestre,
973 1591 1051 1654 ques
1078 1569 1160 1654 legi,
1183 1590 1220 1634 oc
1242 1573 1344 1653 sepius
1363 1589 1424 1632 re·

265 1677 365 1760 petits
386 1675 488 1759 gratis
509 1672 599 1737 fuere
623 1673 724 1758 magis
746 1678 844 1760 etque
868 1675 979 1760 magis.
1025 1673 1120 1740 Nunc
1152 1674 1229 1759 quid
1252 1674 1421 1739 suavitatis

265 1782 410 1846 ornative
421 1780 575 1846 sermonis
590 1779 757 1844 scribendo
774 1779 900 1844 mittem
910 1780 1024 1864 ignoro
1034 1829 1139 1847 ......
1150 1779 1314 1845 Valerium
1328 1801 1420 1843 narn-

266 1908 327 1972 que
344 1885 516 1952 Maximum
541 1904 613 1948 cum
630 1889 819 1962 commento,
844 1905 936 1971 quem
960 1885 1120 1950 auctario
1143 1883 1353 1970 Motmairsl)
1384 1884 1418 1948 in

267 1993 387 2077 pignus
413 1998 499 2066 tunc,
523 2010 586 2073 qno
609 1990 770 2055 vobiscum
794 2011 889 2070 eram,
914 1991 1086 2076 recepistis,
1109 1992 1135 2056 si
1158 1993 1185 2057 is
1207 1990 1328 2056 venalis
1351 2011 1420 2055 um-

268 2120 363 2183 quam
387 2095 497 2177 fuerit,
521 2116 707 2180 comparere
729 2095 812 2160 milri
834 2117 898 2162 non
920 2097 1089 2162 omittatis.

354 2201 502 2268 Ceterum
527 2202 560 2264 in
594 2201 719 2266 diutine
740 2201 802 2266 iem
820 2203 1041 2286 persecucione
1065 2202 1152 2267 ducis
1176 2222 1253 2286 erge
1279 2201 1421 2266 dominos
1510 2251 1511 2276 a

141 2311 145 2318 '
266 2331 351 2374 meos
363 2307 580 2393 Augustenses
600 2307 819 2391 preterlegere
835 2329 966 2392 nequeo,
989 2313 1027 2373 nt
1050 2328 1114 2373 non
1129 2306 1303 2392 aliquando
1318 2307 1421 2372 animo

267 2414 409 2500 graviter
432 2433 575 2496 ungerer.
622 2411 793 2477 Nemeum
823 2413 928 2496 sepius
950 2413 983 2478 in
1000 2418 1140 2480 mentem
1155 2413 1254 2493 venit,
1277 2413 1420 2478 secundis

268 2521 442 2586 amicorum
467 2518 562 2583 rebna
585 2539 636 2584 me
660 2523 788 2602 tempus
811 2519 979 2584 iocundum
997 2519 1162 2586 deduxisse
1184 2519 1302 2604 sepius,
1326 2540 1420 2603 quam

267 2649 393 2692 necesse
415 2629 467 2705 sit,
491 2625 637 2710 profecto
653 2631 687 2690 et
701 2626 840 2691 adversis
856 2647 932 2711 egre
954 2624 1144 2709 moveor(‘?)‚
1167 2644 1237 2689 cum
1254 2629 1288 2688 et
1310 2623 1344 2688 in
1364 2623 1420 2688 hoc

269 2732 437 2817 presertim
461 2731 603 2796 amicicie
628 2751 743 2794 munus
769 2751 835 2794 esse
860 2732 956 2795 sciam
971 2729 994 2795 ².
1040 2729 1195 2796 condolet
1217 2733 1250 2794 et
1273 2730 1421 2794 universa

267 2839 322 2902 hic
346 2836 468 2902 civitas.
516 2834 615 2900 Decet
637 2835 732 2918 ipsos,
757 2835 812 2917 qui
835 2835 881 2900 rei
902 2835 1030 2920 publice
1046 2839 1190 2920 presunt,
1212 2835 1246 2898 in
1271 2838 1337 2900 tam
1362 2835 1419 2899 im-

268 2963 362 3006 mane
392 2945 425 3005 et
458 2940 553 3005 feroci
586 2940 807 3024 persecucione
837 2938 954 3005 fortem
977 2941 1109 3006 induere
1135 2940 1296 3018 animum,
1330 2947 1368 3004 ut
1389 2945 1419 3004 et

268 3048 365 3112 ceteri
391 3047 423 3110 in
449 3047 535 3130 ipsos
550 3045 781 3129 prospicientes
804 3045 948 3128 exemplo
964 3067 1072 3110 eornm
1095 3045 1348 3111 consolacionem
1370 3065 1420 3110 ac·

268 3153 406 3236 cipiunt,
435 3151 519 3237 quod
543 3157 575 3216 et
604 3172 669 3231 vos,
702 3151 757 3236 qui
779 3150 912 3236 vulgare
942 3151 1024 3216 nihil
1050 3151 1166 3236 sapitis
1188 3155 1237 3216 set
1258 3156 1296 3217 ut
1318 3150 1420 3216 virum
1509 3175 1510 3190 ³

270 3259 461 3342 prudentem
483 3257 619 3323 afflictos
634 3257 815 3341 fractosque
842 3257 948 3323 animo
971 3257 1119 3322 oracione
1143 3261 1258 3334 vestra,
1283 3256 1331 3321 uti
1348 3277 1418 3322 con·
1509 3253 1510 3268 ¹

268 3364 433 3444 succutis,
457 3363 562 3429 levare
585 3385 647 3428 non
672 3363 792 3448 pigeat.
839 3361 955 3428 Veniet
977 3368 1102 3446 tempus
1125 3363 1336 3446 insperatum,
1359 3383 1418 3447 quo

269 3474 383 3534 cuncta
406 3467 448 3549 dij
474 3469 506 3532 in
531 3467 645 3532 melius
669 3471 796 3531 vertent
818 3469 851 3531 et
867 3465 931 3550 hijs
946 3473 1013 3531 tam
1027 3467 1189 3532 atrocibus
1215 3467 1310 3532 rebus
1328 3467 1418 3532 finem

269 3575 445 3658 imponent.

357 3677 531 3744 Outinam
563 3677 677 3742 vestris
707 3677 859 3742 interesse
887 3697 1010 3762 possem
1045 3677 1257 3742 ornatissimis
1284 3676 1415 3762 facecijs,

271 3806 390 3868 -que
414 3805 472 3850 nec
494 3782 546 3848 hic
569 3785 742 3849 desunt-
762 3783 924 3848 vobiscum
951 3783 1174 3849 confabularer
1202 3787 1234 3847 et
1256 3782 1344 3847 inter
1364 3805 1415 3867 pc

270 3890 401 3955 tandum
425 3888 625 3954 fecundiores
647 3886 760 3954 calices
776 3887 944 3952 exhaurire
968 3887 1098 3952 minime
1121 3887 1334 3973 pigritsror⁸.

837 4041 853 4077 *

344 4116 493 4172 lelclresse
506 4116 580 4171 nach
590 4134 630 4171 nr.
639 4116 681 4170 81.
718 4115 768 4170 Die
781 4114 943 4184 jahrescahl
953 4113 1025 4170 oben
1038 4112 1089 4168 auf
1098 4111 1161 4168 dem
1172 4111 1273 4168 blatto.
1329 4113 1416 4168 esest
1508 4105 1509 4140 l

271 4207 349 4261 sterlr
369 4203 507 4275 corrigirt,
526 4204 614 4259 dehet
633 4203 768 4259 unsicher.
842 4203 858 4256 3
880 4201 942 4271 Vgl.
962 4201 1033 4257 oben
1053 4218 1095 4257 nr.
1115 4205 1131 4258 5
1152 4217 1199 4255 am
1218 4199 1349 4256 schlusse.

795 4447 823 4452 -η
836 4441 946 4452 --ι-ι--
