2990 5068
619 422 681 486 127

63 597 220 662 memorie
255 596 377 682 egregij
412 601 445 662 et
475 597 649 662 doctissimi
682 596 803 662 domini
835 599 868 664 in
902 600 1035 667 decretis
1057 599 1218 666 licenciati

66 701 250 768 leonhardi
274 701 396 782 Gasael,
419 703 531 768 decani
555 709 587 768 et
609 703 754 769 canonici
771 705 900 770 ecclesie
918 705 1130 791 Augustanos
1153 726 1219 770 me·

66 808 227 888 ritiasimi,
255 828 387 894 gemens
410 811 443 872 et
465 808 544 874 flens
566 807 738 874 Heinricus
753 807 818 875 Lur
839 809 972 876 salutem
996 811 1103 876 luctus
1126 816 1158 874 et
1173 809 1219 874 la·

63 918 174 978 menta
196 913 359 998 presentis
382 913 509 978 miserie
531 913 730 980 considerare
755 919 787 979 et
802 915 835 980 in
854 936 901 992 eo,
924 915 979 1001 qui
1003 915 1146 979 omnium
1168 935 1217 978 sa·

63 1017 112 1082 lus
135 1023 197 1096 eet,
224 1040 363 1103 sperare.
409 1016 492 1097 Heu,
516 1018 587 1098 beu,
610 1017 719 1084 dilecti
755 1018 872 1084 fratrea
904 1025 937 1085 at
957 1019 1052 1085 amici
1075 1019 1219 1104 singula·

63 1121 194 1204 riasimi,
219 1145 305 1190 mora
326 1124 461 1190 abstulit
485 1124 584 1190 vitam
607 1128 769 1204 nostram,
802 1125 972 1191 necessita
994 1124 1086 1190 nobie
1109 1130 1219 1208 pastor

62 1229 225 1310 optimus,
258 1231 322 1295 dax
347 1237 456 1296 noster
479 1235 513 1296 et
537 1231 674 1296 bellator
696 1230 807 1312 fortis,
831 1232 947 1317 capitis
970 1231 1072 1296 nostri
1094 1230 1219 1314 interijt

67 1353 194 1414 corona,
220 1334 351 1400 lucerna
367 1339 478 1402 nostra
494 1336 637 1402 extincta
652 1341 712 1416 eat,
728 1342 760 1402 et
778 1337 882 1423 caligo
898 1338 1099 1402 tenebrarum
1124 1337 1220 1400 irruit

64 1439 95 1502 in
119 1461 189 1519 noe,
221 1445 254 1506 et
276 1441 310 1506 in
335 1441 457 1508 lactum
481 1464 590 1508 versus
612 1446 660 1508 eet
682 1442 796 1508 cborus
812 1447 929 1509 noster.
965 1441 1139 1508 Acerrimia
1160 1441 1219 1506 sti·

65 1545 158 1610 mulis
184 1544 306 1612 doloris
329 1546 433 1613 fodior
458 1555 490 1613 et
506 1548 661 1613 interiora
676 1570 746 1612 mea
761 1547 980 1626 vulnerantur,
1004 1548 1078 1612 dum
1095 1547 1221 1612 intueor

66 1650 177 1717 relicta
201 1657 237 1717 et
258 1653 389 1718 attendo
411 1674 448 1718 ac
480 1654 641 1737 perpendo
670 1655 822 1720 beneficia
851 1654 1029 1720 multifarie
1063 1652 1140 1716 mihi
1165 1674 1219 1717 ex·

66 1753 170 1820 bibita
193 1761 229 1822 et
249 1758 403 1844 impensa,
428 1763 460 1824 et
474 1758 522 1823 nil
545 1758 632 1823 aliud
655 1779 782 1842 possum
796 1759 990 1842 depromere,
1013 1757 1075 1822 nisi
1100 1756 1218 1822 lamen·

65 1864 131 1926 tum
155 1867 190 1928 at
205 1862 402 1950 perlugubre
416 1885 544 1930 carmen
561 1869 593 1930 et
608 1864 840 1944 amaritudinis,
874 1887 921 1930 ve.
968 1863 1063 1929 Pater
1084 1863 1219 1928 carnalia

65 1965 148 2030 dedit
171 1989 251 2045 ease,
278 1968 331 2034 bic
355 1969 434 2036 bene
456 1991 532 2035 essa.
579 1968 642 2035 Hic
664 1968 728 2034 luit
745 1971 842 2036 michi
858 1971 1031 2056 grndinem,
1054 1969 1092 2034 ad
1116 1990 1218 2033 mores

65 2074 268 2156 compositas,
291 2075 401 2141 firmus
423 2076 458 2140 in
480 2075 669 2156 dileccione,
705 2080 888 2142 mansuetus
912 2077 943 2139 in
968 2075 1130 2154 societate,
1153 2077 1218 2138 sta-

65 2176 135 2242 bilis
157 2178 193 2244 in
218 2181 385 2263 promisso,
409 2180 502 2246 fortis
525 2180 564 2245 ad
586 2181 794 2264 pacienciam,
817 2202 936 2265 pronus
952 2181 990 2246 ad
1007 2179 1218 2258 concordiam,

68 2283 97 2346 in
119 2283 247 2368 indicijs
272 2290 387 2364 rectus,
410 2287 442 2351 in
467 2285 626 2371 loquendo
648 2307 745 2351 verax
768 2291 801 2352 et
823 2287 1002 2366 modestus,
1025 2285 1059 2350 in
1081 2284 1219 2351 iubendo

66 2387 229 2470 discretas,
253 2391 287 2456 in
310 2391 548 2476 dispensacione
570 2392 756 2471 industrius,
779 2393 812 2458 in
835 2393 960 2477 agendo
982 2396 1148 2469 strenuus,
1174 2391 1217 2477 'pin

67 2494 247 2564 auxiliando
273 2496 440 2576 sollicitus,
463 2498 496 2562 in
520 2497 662 2582 consilije
685 2499 785 2575 lidus,
815 2498 847 2562 in
873 2496 1132 2582 responsionibus
1155 2495 1217 2560 cir-

67 2608 264 2686 cumspectus
287 2602 375 2667 etin
399 2603 547 2668 universa
569 2624 693 2667 morum
718 2602 885 2668 honestate
907 2597 1071 2686 preclarus
1085 2651 1218 2666 ......

69 2703 125 2772 Hic
146 2708 274 2772 assidue
303 2707 404 2774 libros
433 2706 515 2791 legit
537 2707 654 2774 attuit
678 2709 770 2793 qnasi
793 2709 923 2773 lucerna
945 2708 1119 2778 luminosa,
1157 2729 1219 2792 que

68 2832 127 2875 uon
148 2815 210 2878 snb
235 2813 341 2879 modio
364 2813 518 2896 temporis
542 2818 574 2878 et
596 2812 715 2878 desidie
736 2813 878 2892 latebat,
907 2813 959 2877 sed
983 2834 1079 2896 snper
1104 2812 1218 2876 cande-

70 2915 193 2986 labrum
215 2920 249 2984 in
273 2919 366 2985 domo
389 2918 510 2984 domiai
533 2919 639 3003 posita
655 2919 801 2984 tenebras
825 2917 950 3001 fugavit
974 2915 1141 2982 etfaciam
1166 2920 1217 2983 to·

68 3022 128 3088 ciua
144 3024 278 3090 ecclesie
290 3023 505 3108 augustensis
520 3029 684 3109 mquam
698 3024 785 3089 aidus
801 3024 995 3089 matutinum
1010 3044 1068 3087 sua
1082 3022 1217 3087 sciencia

68 3150 101 3194 ac
121 3129 270 3197 secundia
292 3128 471 3194 irradiavit.
516 3127 555 3193 ln
579 3127 746 3194 Salomone
769 3129 833 3193 fuit
855 3127 1033 3211 sapiencia,
1057 3127 1091 3191 in
1117 3125 1218 3191 David

70 3233 202 3315 bouitas,
225 3235 259 3298 in
281 3233 344 3300 Job
368 3233 539 3318 paciencia,
564 3235 597 3298 in
627 3233 759 3299 Daniele
781 3234 965 3298 futurorum
989 3231 1152 3315 cognicio,
1184 3229 1217 3295 in

72 3336 160 3406 Petro
177 3339 264 3420 fides,
287 3339 322 3404 in
335 3337 372 3424 [f.
386 3339 464 3422 257]
476 3338 634 3421 Linses(!)
651 3343 684 3403 et
694 3337 795 3403 Paulo
807 3337 903 3418 aelus,
923 3336 956 3402 ia
972 3337 1086 3402 ceteris
1101 3341 1216 3401 cetera.

71 3441 103 3508 ln
117 3446 176 3512 illo
195 3449 302 3512 autem
320 3445 366 3510 nil
381 3445 548 3524 mediocre,
571 3444 624 3510 sed
641 3443 718 3528 quid
733 3443 818 3508 ultra
841 3442 928 3507 luit?
960 3441 998 3507 In
1021 3442 1143 3507 incessu
1164 3463 1218 3507 ve·

71 3551 235 3631 natabilis,
273 3550 474 3634 benignitate
496 3548 655 3628 affabilis,
678 3548 819 3614 uronbus
842 3547 1019 3624 imitabilia,
1044 3546 1217 3612 rebellibus

72 3653 280 3724 inexorabilis.
329 3654 557 3721 Verumtamen
580 3655 788 3739 indignitate
811 3658 843 3719 et
865 3652 979 3719 officiis
995 3654 1133 3738 rigorem
1156 3675 1213 3718 au·

71 3762 220 3828 steritatis
234 3762 436 3845 temperabat
449 3761 481 3826 ia
499 3783 535 3826 eo
546 3760 755 3825 mansuetudo
772 3759 974 3824 humilitatis.
1015 3756 1215 3844 Delinquen-

631 3885 650 3920 ἱ·

73 3973 232 4036 Valentinus
251 3976 346 4048 seigt.
372 3977 452 4033 nicht
470 3975 527 4033 alle
545 3975 706 4045 geiatliahe,
735 3974 796 4031 also
814 3976 885 4032 wohl
906 3979 990 4032 unter
1008 3976 1071 4030 dam
1091 3975 1218 4030 humani·

73 4065 184 4123 rtlacben
205 4063 411 4122 steundealrreie
431 4065 540 4120 Gmaels
569 4081 603 4120 au
625 4064 738 4120 aucben.
781 4061 903 4120 Thomas
928 4063 1024 4118 ditrlte
1045 4061 1218 4117 Oedenboler

73 4151 131 4218 ain,
150 4155 201 4210 der
219 4153 290 4210 noch
312 4153 379 4210 1480
398 4152 442 4207 als
461 4151 555 4207 daban
573 4170 606 4206 aa
619 4152 659 4206 St.
673 4150 773 4207 Merita
792 4150 930 4206 eracbsint
948 4151 1091 4220 [Khamm
1107 4147 1217 4203 Hierar·

73 4239 126 4296 abia
145 4243 218 4310 11,1.
239 4243 289 4298 108
308 4240 365 4312 vgl.
387 4240 459 4297 oben
478 4257 519 4295 nr.
534 4239 588 4310 25],
609 4239 754 4296 Jabannee
772 4238 821 4293 der
839 4237 1003 4294 domlrustce
1018 4235 1149 4301 ilautecb,
1169 4234 1218 4290 der

74 4327 162 4386 inmer
180 4328 235 4383 mit
253 4327 349 4383 limaci
367 4345 529 4383 zusammen
557 4329 684 4398 genennt
703 4324 773 4380 wird
802 4328 831 4392 [s.
851 4324 921 4382 oben
948 4342 990 4380 nr.
1010 4324 1051 4379 16.
1071 4323 1125 4393 39].
1161 4321 1218 4378 Va·

74 4414 186 4474 lentinna
206 4417 244 4472 iat
262 4417 337 4473 wohl
369 4416 440 4473 liber
469 4416 525 4472 and
547 4415 692 4472 Heinricua
712 4412 942 4469 wabrscheinlich
963 4410 1018 4466 Lar
1043 4409 1130 4465 aalbat
1159 4411 1217 4480 rgl.

75 4500 172 4562 abens.
196 4505 246 4561 ll'l
266 4521 342 4565 anm.
365 4507 386 4558 l.
