3002 5070
627 433 668 498 31

64 607 181 691 quibus
203 629 273 672 esm
296 628 426 691 opernm
456 605 638 672 adhibuisse
660 605 801 684 videris,
834 609 871 669 nt
900 605 1001 690 siquis
1032 609 1063 672 te
1086 605 1222 689 deipsis

63 713 271 778 disserentem
296 735 332 778 sc
355 713 497 797 preclsre
513 713 729 796 disputantem
758 711 875 790 audiet,
890 709 986 776 facilc
1004 710 1222 778 doctissimum

63 817 217 883 indicabit
227 865 342 884 ......
359 818 521 895 Quaenam
545 823 593 883 est
616 823 718 898 tsuts,
742 821 808 882 tem
831 818 938 894 ardua,
968 823 1098 902 tumque
1119 814 1221 881 dilici-

64 924 138 988 lims
162 945 278 1000 causa,
311 946 393 1008 quse
416 947 466 989 me
491 929 587 1009 quest
615 929 784 988 siusium
818 924 974 988 uirtutum
997 942 1222 988 commemoro·

63 1031 149 1096 tione
173 1051 344 1109 resocsre,
377 1051 455 1116 ques
490 1051 553 1096 uon
576 1030 617 1095 sb
640 1030 748 1115 aliquo
782 1028 877 1093 huius
898 1030 1051 1112 temporis
1074 1026 1143 1091 uiro
1166 1046 1221 1110 ge·

63 1139 252 1220 atsrumqne
284 1157 390 1200 rernm
420 1137 576 1220 scriptore
598 1137 777 1220 percepisse
798 1157 848 1199 ure
870 1133 1039 1217 profiteor,
1071 1131 1125 1196 sed
1148 1152 1222 1214 pro·

63 1238 141 1319 priis
172 1241 274 1306 oculis
308 1263 347 1306 ex
369 1243 539 1327 verbisque
574 1243 635 1306 mei
661 1241 816 1328 genitoris
849 1237 1028 1305 incredibili
1060 1259 1132 1304 cum
1167 1237 1222 1301 sd-

63 1345 235 1411 mirstiouc
250 1368 350 1431 psrro
365 1347 428 1412 ism
445 1348 599 1432 temporis
613 1346 773 1412 curriculo
788 1344 1040 1440 contemplatum
1057 1363 1108 1406 me
1123 1341 1221 1408 fuisse

63 1449 226 1516 confirmo.
274 1448 403 1518 (lertnm
429 1453 513 1518 euim
535 1458 582 1518 est
605 1452 854 1537 probabileque,
887 1456 919 1514 te
941 1470 1005 1514 nou
1027 1448 1098 1513 dico
1120 1448 1152 1512 in
1174 1451 1222 1513 te-

65 1554 174 1621 nebris
196 1555 310 1636 latere,
333 1559 388 1623 sed
410 1559 444 1623 in
467 1559 568 1624 oculis
590 1563 788 1624 caeterorum
819 1555 962 1621 omnium
992 1553 1147 1618 bonorum
1171 1573 1222 1618 ce-

66 1659 239 1725 leberrima
261 1662 398 1747 qnsdsm
422 1685 493 1729 cum
518 1662 797 1728 commendemens
826 1660 955 1726 versari.
1001 1659 1086 1736 Quas
1109 1658 1150 1722 ob
1174 1678 1223 1722 res

63 1765 160 1830 alacri
194 1767 304 1832 snimo
334 1767 393 1832 hoc
423 1788 523 1852 genus
556 1766 716 1832 scribendi
754 1765 897 1850 hancque
926 1763 1122 1849 provinciam
1145 1762 1223 1826 meis

65 1869 186 1935 viribus
209 1871 366 1956 imperem
395 1873 502 1938 subire
530 1893 593 1937 non
616 1871 788 1949 abhorrui,
818 1891 929 1935 rerum
952 1867 1065 1934 lubens
1089 1865 1164 1948 leci,
1188 1867 1221 1930 iu

65 1995 125 2055 qus
146 1998 242 2042 nemo
266 1983 315 2042 est
337 1979 384 2042 ita
407 1977 536 2062 penitus
556 1982 664 2042 mutus
680 1982 778 2061 atque
793 1976 893 2042 eciam
916 1973 1049 2040 omnino
1071 1971 1221 2056 elinguis,

66 2079 112 2144 cui
137 2101 203 2145 non
228 2081 383 2147 immensa
406 2083 562 2169 quaedem
586 2089 619 2148 et
649 2083 778 2148 infinite
807 2103 911 2148 rerum
935 2080 1028 2164 copis
1049 2077 1222 2144 mirabilis-

67 2207 125 2268 que
148 2187 183 2250 in
208 2209 406 2272 unoquoque
429 2189 558 2253 virtutis
578 2209 695 2270 genere
718 2187 787 2253 laus
810 2191 974 2270 tamquam
997 2184 1068 2250 lons
1092 2183 1223 2270 quidum

67 2291 101 2353 ad
124 2291 296 2357 dicendum
318 2315 381 2358 nou
400 2294 564 2359 abundans
587 2293 698 2358 effluet
713 2299 810 2378 sique
826 2293 985 2357 uberrime
999 2312 1062 2357 nou
1086 2293 1222 2355 emanet.

68 2443 199 2460 .......
218 2396 354 2476 Par-css,
385 2399 436 2462 vir
458 2398 543 2462 omui
567 2397 661 2464 lsnde
683 2398 881 2480 dignissime,
906 2417 994 2462 mese
1016 2394 1223 2481 longitudini.

67 2497 203 2566 Siciebst
237 2503 323 2567 enim
361 2504 485 2568 suimus
524 2526 614 2568 mens
647 2504 826 2568 desiderans
861 2523 1108 2568 commemorare
1144 2500 1223 2566 sstis

67 2605 178 2690 dignas
201 2607 310 2672 lsudss
329 2613 361 2673 et
384 2609 431 2672 its
453 2607 566 2673 lubens
594 2609 805 2692 persistebam
826 2608 857 2672 in
881 2608 1047 2672 scribendo
1075 2608 1223 2686 virtutes,

69 2717 103 2773 nt
123 2711 205 2776 mihi
231 2713 383 2792 evenerit,
414 2713 498 2797 quod
520 2714 707 2779 sicientibus
730 2714 812 2779 solet
835 2715 1035 2799 contingere:
1067 2717 1104 2778 ut
1127 2713 1223 2777 etiam

70 2817 129 2880 rini
153 2817 309 2900 amphora
331 2819 476 2884 urceolos
492 2820 624 2904 quidam
646 2842 713 2884 esse
735 2820 889 2886 videntur.
937 2819 1017 2884 Cum
1032 2819 1117 2884 enim
1137 2819 1223 2883 vira

70 2921 194 3001 virtute,
217 2923 268 2987 vel
290 2923 393 2988 virtus
417 2947 437 2988 s
459 2925 527 2990 viro
548 2947 664 2990 nomen
687 2932 828 2991 mutasse
850 2928 891 2990 ab
914 2925 1062 2990 omuibus
1092 2923 1221 3009 praedi·

70 3033 166 3104 estur,
190 3049 253 3093 non
277 3029 368 3112 potui
387 3029 535 3114 equidem
557 3035 590 3094 te
606 3031 640 3095 in
658 3031 802 3096 virorum
823 3036 856 3096 ct
876 3032 910 3096 in
926 3031 1140 3096 virtuosorum
1162 3051 1222 3093 nu·

71 3153 156 3198 mero
179 3154 243 3197 uon
266 3131 447 3199 habendum
471 3157 538 3200 esse
561 3157 695 3202 censere.
744 3135 875 3220 Suscipe
897 3157 974 3220 ergo
1003 3156 1054 3200 me
1077 3139 1110 3199 et
1132 3133 1222 3219 geni·

72 3243 168 3301 torem
190 3238 428 3302 commendatos
452 3259 574 3324 nosque
596 3242 760 3324 perpetuis
789 3242 854 3307 tuis
877 3240 1037 3306 beneficiis
1060 3240 1223 3304 devinctos

73 3345 141 3406 lene
152 3348 184 3406 et
195 3343 339 3408 csrilstis
351 3344 485 3408 vinculis
497 3346 657 3430 alligatos.
672 3345 815 3424 l⁷sle,vir
824 3345 1067 3424 litteratissime,
1076 3344 1222 3409 feliciter.

157 3445 331 3535 [Adresse].
385 3447 568 3514 Clarissimo
597 3475 634 3516 sc
665 3454 735 3517 viro
769 3451 944 3516 venerabili
978 3449 1107 3515 domino
1140 3447 1223 3513 Her·

75 3573 186 3620 manno
208 3553 341 3620 Schedel
365 3577 422 3620 suo
446 3557 560 3622 maiori
583 3558 757 3642 plurimum
780 3556 975 3622 honorando.

620 3802 677 3876 13.

82 3921 201 3998 Ulrich
230 3923 471 3999 Gossembrot
505 3949 554 3998 an
581 3923 754 4014 Johenn,
783 3925 932 4000 bischof
954 3949 991 3998 v.
1020 3925 1221 4012 llichstatt,

412 4049 614 4143 Augsburg
643 4049 740 4122 1458
763 4049 838 4121 mai
870 4051 904 4122 2.

261 4205 326 4262 clm.
347 4205 400 4260 504
418 4207 437 4261 f.
455 4207 516 4264 3115,
538 4204 682 4261 Abschrilt
703 4206 860 4261 Hsrtmsnu
879 4205 1016 4262 Sotadeis.

163 4301 303 4368 Bittet
328 4326 391 4369 um
421 4305 514 4370 eine
536 4303 821 4389 empfehlung
850 4327 896 4369 sn
929 4303 1136 4370 Wilhelm

469 4432 547 4475 ron
572 4409 833 4476 Reichenau.

161 4527 341 4596 Venerabili
369 4532 404 4596 in
427 4530 556 4598 Christo
588 4531 674 4617 patri
698 4553 734 4598 so
758 4532 896 4612 domino,
926 4533 1054 4598 domiuo
1073 4531 1222 4622 Jo[nnni]
