<?xml version="1.0" encoding="UTF-8"?>
<!DOCTYPE html PUBLIC "-//W3C//DTD XHTML 1.0 Transitional//EN"
    "http://www.w3.org/TR/xhtml1/DTD/xhtml1-transitional.dtd">
<html xmlns="http://www.w3.org/1999/xhtml" xml:lang="en" lang="en">
 <head>
  <title>
</title>
<meta http-equiv="Content-Type" content="text/html;charset=utf-8" />
  <meta name='ocr-system' content='tesseract 3.04.00' />
  <meta name='ocr-capabilities' content='ocr_page ocr_carea ocr_par ocr_line ocrx_word'/>
</head>
<body>
  <div class='ocr_page' id='page_1' title='image "./hermannschedels00schegoog_0201.png"; bbox 0 0 3062 5068; ppageno 0'>
   <div class='ocr_carea' id='block_1_1' title="bbox 663 407 725 474">
    <p class='ocr_par' dir='ltr' id='par_1_1' title="bbox 663 407 725 474">
     <span class='ocr_line' id='line_1_1' title="bbox 663 407 725 474; baseline -0.016 0"><span class='ocrx_word' id='word_1_1' title='bbox 663 407 725 474; x_wconf 78' lang='lat' dir='ltr'><strong>leo</strong></span> 
     </span>
    </p>
   </div>
   <div class='ocr_carea' id='block_1_2' title="bbox 87 583 1275 2566">
    <p class='ocr_par' dir='ltr' id='par_1_2' title="bbox 87 583 1275 2566">
     <span class='ocr_line' id='line_1_2' title="bbox 87 583 1273 672; baseline -0.003 -22"><span class='ocrx_word' id='word_1_2' title='bbox 87 585 295 672; x_wconf 87' lang='lat' dir='ltr'><strong>aliquorum</strong></span> <span class='ocrx_word' id='word_1_3' title='bbox 317 605 372 649; x_wconf 93' lang='lat' dir='ltr'><strong>vos</strong></span> <span class='ocrx_word' id='word_1_4' title='bbox 395 604 466 648; x_wconf 88' lang='lat' dir='ltr'><strong>eum</strong></span> <span class='ocrx_word' id='word_1_5' title='bbox 488 583 594 648; x_wconf 91' lang='lat' dir='ltr'><strong>loeum</strong></span> <span class='ocrx_word' id='word_1_6' title='bbox 619 584 797 668; x_wconf 88' lang='lat' dir='ltr'><strong>petiturum</strong></span> <span class='ocrx_word' id='word_1_7' title='bbox 834 583 1057 650; x_wconf 86' lang='lat' dir='ltr'><strong>asseverabant</strong></span> <span class='ocrx_word' id='word_1_8' title='bbox 1079 583 1273 668; x_wconf 74' lang='lat' dir='ltr'><strong>negoeisque</strong></span> 
     </span>
     <span class='ocr_line' id='line_1_3' title="bbox 90 685 1270 773; baseline -0.003 -17"><span class='ocrx_word' id='word_1_9' title='bbox 90 690 254 756; x_wconf 82' lang='lat' dir='ltr'><strong>civitatis</strong></span> <span class='ocrx_word' id='word_1_10' title='bbox 277 690 309 754; x_wconf 92' lang='lat' dir='ltr'><strong>id</strong></span> <span class='ocrx_word' id='word_1_11' title='bbox 331 689 432 754; x_wconf 84' lang='lat' dir='ltr'><strong>eciam</strong></span> <span class='ocrx_word' id='word_1_12' title='bbox 456 689 710 773; x_wconf 72' lang='lat' dir='ltr'><strong>expostulabant.</strong></span> <span class='ocrx_word' id='word_1_13' title='bbox 757 685 896 754; x_wconf 87' lang='lat' dir='ltr'><strong>Nolente</strong></span> <span class='ocrx_word' id='word_1_14' title='bbox 913 693 1021 756; x_wconf 86' lang='lat' dir='ltr'><strong>temen</strong></span> <span class='ocrx_word' id='word_1_15' title='bbox 1045 688 1270 754; x_wconf 77' lang='lat' dir='ltr'><strong>fortunarum</strong></span> 
     </span>
     <span class='ocr_line' id='line_1_4' title="bbox 95 789 1274 880; baseline -0.005 -20"><span class='ocrx_word' id='word_1_16' title='bbox 95 795 283 861; x_wconf 72' lang='lat' dir='ltr'>Danielem</span> <span class='ocrx_word' id='word_1_17' title='bbox 310 792 421 859; x_wconf 90' lang='lat' dir='ltr'><strong>Ulmer</strong></span> <span class='ocrx_word' id='word_1_18' title='bbox 443 795 573 860; x_wconf 90' lang='lat' dir='ltr'><strong>missum</strong></span> <span class='ocrx_word' id='word_1_19' title='bbox 597 795 758 870; x_wconf 80' lang='lat' dir='ltr'>videbam,</span> <span class='ocrx_word' id='word_1_20' title='bbox 792 793 966 880; x_wconf 90' lang='lat' dir='ltr'><strong>plurimum</strong></span> <span class='ocrx_word' id='word_1_21' title='bbox 992 793 1195 880; x_wconf 83' lang='lat' dir='ltr'><strong>indignabar.</strong></span> <span class='ocrx_word' id='word_1_22' title='bbox 1241 789 1274 854; x_wconf 88' lang='lat' dir='ltr'><strong>Is</strong></span> 
     </span>
     <span class='ocr_line' id='line_1_5' title="bbox 94 896 1272 987; baseline -0.004 -22"><span class='ocrx_word' id='word_1_23' title='bbox 94 921 231 986; x_wconf 80' lang='lat' dir='ltr'><strong>magna</strong></span> <span class='ocrx_word' id='word_1_24' title='bbox 247 922 365 987; x_wconf 85' lang='lat' dir='ltr'><strong>pompe</strong></span> <span class='ocrx_word' id='word_1_25' title='bbox 380 899 419 966; x_wconf 87' lang='lat' dir='ltr'><strong>ad</strong></span> <span class='ocrx_word' id='word_1_26' title='bbox 435 896 581 964; x_wconf 81' lang='lat' dir='ltr'><strong>Athesim</strong></span> <span class='ocrx_word' id='word_1_27' title='bbox 597 899 740 984; x_wconf 87' lang='lat' dir='ltr'><strong>porrexit</strong></span> <span class='ocrx_word' id='word_1_28' title='bbox 753 897 773 978; x_wconf 84' lang='lat'><strong>¹,</strong></span> <span class='ocrx_word' id='word_1_29' title='bbox 797 899 981 982; x_wconf 89' lang='lat' dir='ltr'><strong>parturiunt</strong></span> <span class='ocrx_word' id='word_1_30' title='bbox 997 899 1082 964; x_wconf 88' lang='lat' dir='ltr'><strong>enim</strong></span> <span class='ocrx_word' id='word_1_31' title='bbox 1100 903 1224 963; x_wconf 89' lang='lat' dir='ltr'><strong>montes</strong></span> <span class='ocrx_word' id='word_1_32' title='bbox 1240 901 1272 961; x_wconf 92' lang='lat' dir='ltr'><strong>et</strong></span> 
     </span>
     <span class='ocr_line' id='line_1_6' title="bbox 95 1000 1273 1088; baseline -0.004 -18"><span class='ocrx_word' id='word_1_33' title='bbox 95 1009 264 1072; x_wconf 74' lang='lat' dir='ltr'><strong>naeretur</strong></span> <span class='ocrx_word' id='word_1_34' title='bbox 294 1003 446 1070; x_wconf 84' lang='lat' dir='ltr'><strong>ridiculus</strong></span> <span class='ocrx_word' id='word_1_35' title='bbox 473 1026 553 1072; x_wconf 90' lang='lat' dir='ltr'><strong>mus.</strong></span> <span class='ocrx_word' id='word_1_36' title='bbox 607 1003 655 1068; x_wconf 89' lang='lat' dir='ltr'><strong>Ne</strong></span> <span class='ocrx_word' id='word_1_37' title='bbox 686 1003 787 1088; x_wconf 83' lang='lat' dir='ltr'><strong>igitur</strong></span> <span class='ocrx_word' id='word_1_38' title='bbox 809 1003 970 1069; x_wconf 90' lang='lat' dir='ltr'><strong>oblivione</strong></span> <span class='ocrx_word' id='word_1_39' title='bbox 1003 1004 1111 1088; x_wconf 84' lang='lat' dir='ltr'><strong>alique</strong></span> <span class='ocrx_word' id='word_1_40' title='bbox 1136 1002 1169 1067; x_wconf 92' lang='lat' dir='ltr'><strong>in</strong></span> <span class='ocrx_word' id='word_1_41' title='bbox 1192 1000 1273 1066; x_wconf 88' lang='lat' dir='ltr'><strong>seri-</strong></span> 
     </span>
     <span class='ocr_line' id='line_1_7' title="bbox 98 1108 1272 1194; baseline -0.003 -18"><span class='ocrx_word' id='word_1_42' title='bbox 98 1111 216 1176; x_wconf 86' lang='lat' dir='ltr'><strong>bendo</strong></span> <span class='ocrx_word' id='word_1_43' title='bbox 240 1133 291 1176; x_wconf 90' lang='lat' dir='ltr'><strong>me</strong></span> <span class='ocrx_word' id='word_1_44' title='bbox 314 1110 475 1176; x_wconf 74' lang='lat' dir='ltr'><strong>socordem</strong></span> <span class='ocrx_word' id='word_1_45' title='bbox 498 1109 677 1192; x_wconf 82' lang='lat' dir='ltr'><strong>crederetis,</strong></span> <span class='ocrx_word' id='word_1_46' title='bbox 701 1130 786 1174; x_wconf 90' lang='lat' dir='ltr'><strong>nune</strong></span> <span class='ocrx_word' id='word_1_47' title='bbox 802 1109 926 1175; x_wconf 87' lang='lat' dir='ltr'><strong>inculte</strong></span> <span class='ocrx_word' id='word_1_48' title='bbox 940 1109 1142 1194; x_wconf 80' lang='lat' dir='ltr'><strong>agrestisque</strong></span> <span class='ocrx_word' id='word_1_49' title='bbox 1159 1108 1198 1172; x_wconf 89' lang='lat' dir='ltr'><strong>ad</strong></span> <span class='ocrx_word' id='word_1_50' title='bbox 1216 1129 1272 1173; x_wconf 91' lang='lat' dir='ltr'><strong>vos</strong></span> 
     </span>
     <span class='ocr_line' id='line_1_8' title="bbox 98 1213 1272 1301; baseline -0.004 -20"><span class='ocrx_word' id='word_1_51' title='bbox 98 1217 187 1281; x_wconf 82' lang='lat' dir='ltr'><strong>dare</strong></span> <span class='ocrx_word' id='word_1_52' title='bbox 209 1216 333 1300; x_wconf 81' lang='lat' dir='ltr'><strong>scripta</strong></span> <span class='ocrx_word' id='word_1_53' title='bbox 355 1237 468 1301; x_wconf 80' lang='lat' dir='ltr'><strong>sogor,</strong></span> <span class='ocrx_word' id='word_1_54' title='bbox 502 1237 541 1280; x_wconf 93' lang='lat' dir='ltr'><strong>ne</strong></span> <span class='ocrx_word' id='word_1_55' title='bbox 567 1215 643 1299; x_wconf 91' lang='lat' dir='ltr'><strong>quid</strong></span> <span class='ocrx_word' id='word_1_56' title='bbox 671 1213 795 1279; x_wconf 77' lang='lat' dir='ltr'>sinistri</span> <span class='ocrx_word' id='word_1_57' title='bbox 817 1214 903 1280; x_wconf 89' lang='lat' dir='ltr'><strong>iuter</strong></span> <span class='ocrx_word' id='word_1_58' title='bbox 925 1236 983 1281; x_wconf 90' lang='lat' dir='ltr'><strong>nos</strong></span> <span class='ocrx_word' id='word_1_59' title='bbox 1005 1219 1111 1280; x_wconf 84' lang='lat' dir='ltr'><strong>aetum</strong></span> <span class='ocrx_word' id='word_1_60' title='bbox 1134 1213 1272 1278; x_wconf 77' lang='lat' dir='ltr'><strong>arbitra-</strong></span> 
     </span>
     <span class='ocr_line' id='line_1_9' title="bbox 101 1318 1272 1404; baseline -0.002 -18"><span class='ocrx_word' id='word_1_61' title='bbox 101 1321 203 1386; x_wconf 89' lang='lat' dir='ltr'><strong>mini.</strong></span> <span class='ocrx_word' id='word_1_62' title='bbox 252 1319 335 1386; x_wconf 86' lang='lat' dir='ltr'><strong>Dum</strong></span> <span class='ocrx_word' id='word_1_63' title='bbox 374 1319 457 1385; x_wconf 88' lang='lat' dir='ltr'><strong>enirn</strong></span> <span class='ocrx_word' id='word_1_64' title='bbox 481 1319 614 1403; x_wconf 90' lang='lat' dir='ltr'><strong>spiritus</strong></span> <span class='ocrx_word' id='word_1_65' title='bbox 636 1340 722 1384; x_wconf 89' lang='lat' dir='ltr'><strong>meos</strong></span> <span class='ocrx_word' id='word_1_66' title='bbox 747 1322 861 1404; x_wconf 80' lang='lat' dir='ltr'><strong>regent</strong></span> <span class='ocrx_word' id='word_1_67' title='bbox 883 1322 990 1398; x_wconf 85' lang='lat' dir='ltr'><strong>aetus,</strong></span> <span class='ocrx_word' id='word_1_68' title='bbox 1024 1318 1195 1384; x_wconf 88' lang='lat' dir='ltr'><strong>maximam</strong></span> <span class='ocrx_word' id='word_1_69' title='bbox 1218 1319 1272 1384; x_wconf 94' lang='lat' dir='ltr'><strong>be-</strong></span> 
     </span>
     <span class='ocr_line' id='line_1_10' title="bbox 101 1421 1272 1514; baseline -0.003 -24"><span class='ocrx_word' id='word_1_70' title='bbox 101 1425 325 1492; x_wconf 90' lang='lat' dir='ltr'><strong>nivoleneiam</strong></span> <span class='ocrx_word' id='word_1_71' title='bbox 352 1422 505 1512; x_wconf 88' lang='lat' dir='ltr'><strong>[vestrum</strong></span> <span class='ocrx_word' id='word_1_72' title='bbox 528 1423 662 1512; x_wconf 90' lang='lat' dir='ltr'><strong>vosque]</strong></span> <span class='ocrx_word' id='word_1_73' title='bbox 684 1445 806 1490; x_wconf 90' lang='lat' dir='ltr'><strong>summe</strong></span> <span class='ocrx_word' id='word_1_74' title='bbox 829 1446 905 1510; x_wconf 82' lang='lat' dir='ltr'><strong>erga</strong></span> <span class='ocrx_word' id='word_1_75' title='bbox 922 1421 996 1514; x_wconf 91' lang='lat' dir='ltr'><strong>[me]</strong></span> <span class='ocrx_word' id='word_1_76' title='bbox 1016 1423 1165 1490; x_wconf 88' lang='lat' dir='ltr'><strong>meritum</strong></span> <span class='ocrx_word' id='word_1_77' title='bbox 1188 1445 1272 1488; x_wconf 90' lang='lat' dir='ltr'><strong>sem·</strong></span> 
     </span>
     <span class='ocr_line' id='line_1_11' title="bbox 105 1527 1274 1616; baseline -0.003 -20"><span class='ocrx_word' id='word_1_78' title='bbox 105 1554 171 1615; x_wconf 87' lang='lat' dir='ltr'><strong>per</strong></span> <span class='ocrx_word' id='word_1_79' title='bbox 195 1531 231 1596; x_wconf 89' lang='lat' dir='ltr'><strong>in</strong></span> <span class='ocrx_word' id='word_1_80' title='bbox 254 1536 382 1616; x_wconf 75' lang='lat' dir='ltr'><strong>pectore</strong></span> <span class='ocrx_word' id='word_1_81' title='bbox 412 1531 509 1594; x_wconf 83' lang='lat' dir='ltr'><strong>fixum</strong></span> <span class='ocrx_word' id='word_1_82' title='bbox 540 1531 664 1595; x_wconf 92' lang='lat' dir='ltr'><strong>tenebo.</strong></span> <span class='ocrx_word' id='word_1_83' title='bbox 680 1567 723 1579; x_wconf 92' lang='lat'><strong>—-</strong></span> <span class='ocrx_word' id='word_1_84' title='bbox 740 1527 889 1594; x_wconf 77' lang='lat' dir='ltr'>Intellexi</span> <span class='ocrx_word' id='word_1_85' title='bbox 917 1529 1035 1595; x_wconf 87' lang='lat' dir='ltr'><strong>dudum</strong></span> <span class='ocrx_word' id='word_1_86' title='bbox 1057 1550 1127 1594; x_wconf 90' lang='lat' dir='ltr'><strong>eum</strong></span> <span class='ocrx_word' id='word_1_87' title='bbox 1150 1550 1274 1594; x_wconf 89' lang='lat' dir='ltr'><strong>summo</strong></span> 
     </span>
     <span class='ocr_line' id='line_1_12' title="bbox 103 1635 1274 1722; baseline -0.003 -21"><span class='ocrx_word' id='word_1_88' title='bbox 103 1637 224 1701; x_wconf 86' lang='lat' dir='ltr'><strong>dolore</strong></span> <span class='ocrx_word' id='word_1_89' title='bbox 259 1638 397 1700; x_wconf 91' lang='lat' dir='ltr'><strong>vestram</strong></span> <span class='ocrx_word' id='word_1_90' title='bbox 435 1635 629 1701; x_wconf 80' lang='lat' dir='ltr'>carissimam</span> <span class='ocrx_word' id='word_1_91' title='bbox 663 1635 847 1722; x_wconf 80' lang='lat' dir='ltr'><strong>coniugem,</strong></span> <span class='ocrx_word' id='word_1_92' title='bbox 875 1657 970 1720; x_wconf 84' lang='lat' dir='ltr'><strong>quarn</strong></span> <span class='ocrx_word' id='word_1_93' title='bbox 999 1640 1035 1700; x_wconf 92' lang='lat' dir='ltr'><strong>ut</strong></span> <span class='ocrx_word' id='word_1_94' title='bbox 1059 1639 1193 1700; x_wconf 87' lang='lat' dir='ltr'><strong>matrem</strong></span> <span class='ocrx_word' id='word_1_95' title='bbox 1217 1656 1274 1718; x_wconf 91' lang='lat' dir='ltr'><strong>pre</strong></span> 
     </span>
     <span class='ocr_line' id='line_1_13' title="bbox 105 1740 1275 1824; baseline -0.002 -18"><span class='ocrx_word' id='word_1_96' title='bbox 105 1741 231 1806; x_wconf 81' lang='lat' dir='ltr'><strong>esteris</strong></span> <span class='ocrx_word' id='word_1_97' title='bbox 254 1740 346 1824; x_wconf 79' lang='lat' dir='ltr'><strong>elegi,</strong></span> <span class='ocrx_word' id='word_1_98' title='bbox 370 1742 504 1806; x_wconf 85' lang='lat' dir='ltr'><strong>emedio</strong></span> <span class='ocrx_word' id='word_1_99' title='bbox 528 1740 688 1807; x_wconf 77' lang='lat' dir='ltr'><strong>sublatam</strong></span> <span class='ocrx_word' id='word_1_100' title='bbox 705 1763 781 1807; x_wconf 89' lang='lat' dir='ltr'><strong>esse.</strong></span> <span class='ocrx_word' id='word_1_101' title='bbox 827 1740 906 1807; x_wconf 85' lang='lat' dir='ltr'><strong>Cum</strong></span> <span class='ocrx_word' id='word_1_102' title='bbox 933 1765 1006 1807; x_wconf 91' lang='lat' dir='ltr'><strong>vero</strong></span> <span class='ocrx_word' id='word_1_103' title='bbox 1029 1742 1077 1806; x_wconf 92' lang='lat' dir='ltr'><strong>ita</strong></span> <span class='ocrx_word' id='word_1_104' title='bbox 1099 1740 1202 1806; x_wconf 90' lang='lat' dir='ltr'><strong>visum</strong></span> <span class='ocrx_word' id='word_1_105' title='bbox 1226 1743 1275 1805; x_wconf 92' lang='lat' dir='ltr'><strong>est</strong></span> 
     </span>
     <span class='ocr_line' id='line_1_14' title="bbox 106 1843 1273 1928; baseline 0 -18"><span class='ocrx_word' id='word_1_106' title='bbox 106 1845 173 1926; x_wconf 78' lang='lat' dir='ltr'><strong>illi,</strong></span> <span class='ocrx_word' id='word_1_107' title='bbox 190 1843 280 1910; x_wconf 86' lang='lat' dir='ltr'><strong>euius</strong></span> <span class='ocrx_word' id='word_1_108' title='bbox 295 1845 428 1911; x_wconf 89' lang='lat' dir='ltr'><strong>eonsilia</strong></span> <span class='ocrx_word' id='word_1_109' title='bbox 444 1851 554 1912; x_wconf 84' lang='lat' dir='ltr'><strong>eterne</strong></span> <span class='ocrx_word' id='word_1_110' title='bbox 569 1853 654 1928; x_wconf 79' lang='lat' dir='ltr'><strong>sunt,</strong></span> <span class='ocrx_word' id='word_1_111' title='bbox 672 1869 728 1913; x_wconf 89' lang='lat' dir='ltr'><strong>nos</strong></span> <span class='ocrx_word' id='word_1_112' title='bbox 742 1848 835 1913; x_wconf 89' lang='lat' dir='ltr'><strong>obitu</strong></span> <span class='ocrx_word' id='word_1_113' title='bbox 863 1849 930 1912; x_wconf 91' lang='lat' dir='ltr'><strong>eius</strong></span> <span class='ocrx_word' id='word_1_114' title='bbox 945 1847 1153 1925; x_wconf 79' lang='lat' dir='ltr'><strong>consolemur,</strong></span> <span class='ocrx_word' id='word_1_115' title='bbox 1174 1846 1273 1911; x_wconf 86' lang='lat' dir='ltr'><strong>soien-</strong></span> 
     </span>
     <span class='ocr_line' id='line_1_15' title="bbox 107 1951 1272 2039; baseline -0.001 -23"><span class='ocrx_word' id='word_1_116' title='bbox 107 1955 162 2016; x_wconf 88' lang='lat' dir='ltr'><strong>tss</strong></span> <span class='ocrx_word' id='word_1_117' title='bbox 184 1951 287 2035; x_wconf 80' lang='lat' dir='ltr'><strong>ipsum</strong></span> <span class='ocrx_word' id='word_1_118' title='bbox 310 1951 343 2015; x_wconf 93' lang='lat' dir='ltr'><strong>in</strong></span> <span class='ocrx_word' id='word_1_119' title='bbox 370 1953 538 2019; x_wconf 89' lang='lat' dir='ltr'><strong>beatorum</strong></span> <span class='ocrx_word' id='word_1_120' title='bbox 563 1975 695 2019; x_wconf 89' lang='lat' dir='ltr'><strong>numero</strong></span> <span class='ocrx_word' id='word_1_121' title='bbox 713 1953 900 2019; x_wconf 81' lang='lat' dir='ltr'><strong>collocatum</strong></span> <span class='ocrx_word' id='word_1_122' title='bbox 917 1958 949 2018; x_wconf 92' lang='lat' dir='ltr'><strong>et</strong></span> <span class='ocrx_word' id='word_1_123' title='bbox 964 1957 1058 2039; x_wconf 81' lang='lat' dir='ltr'><strong>greto</strong></span> <span class='ocrx_word' id='word_1_124' title='bbox 1085 1952 1190 2016; x_wconf 87' lang='lat' dir='ltr'><strong>animo</strong></span> <span class='ocrx_word' id='word_1_125' title='bbox 1206 1973 1272 2015; x_wconf 89' lang='lat' dir='ltr'><strong>me·</strong></span> 
     </span>
     <span class='ocr_line' id='line_1_16' title="bbox 113 2047 1275 2144; baseline -0.002 -22"><span class='ocrx_word' id='word_1_126' title='bbox 113 2057 255 2122; x_wconf 88' lang='lat' dir='ltr'><strong>moriam</strong></span> <span class='ocrx_word' id='word_1_127' title='bbox 279 2057 346 2121; x_wconf 90' lang='lat' dir='ltr'><strong>eius</strong></span> <span class='ocrx_word' id='word_1_128' title='bbox 370 2059 603 2144; x_wconf 76' lang='lat' dir='ltr'><strong>prosequimur.</strong></span> <span class='ocrx_word' id='word_1_129' title='bbox 642 2057 771 2124; x_wconf 89' lang='lat' dir='ltr'><strong>Gaudeo</strong></span> <span class='ocrx_word' id='word_1_130' title='bbox 792 2080 867 2125; x_wconf 91' lang='lat' dir='ltr'><strong>vero</strong></span> <span class='ocrx_word' id='word_1_131' title='bbox 890 2047 984 2138; x_wconf 81' lang='lat' dir='ltr'><strong>nune,</strong></span> <span class='ocrx_word' id='word_1_132' title='bbox 999 2079 1055 2122; x_wconf 91' lang='lat' dir='ltr'><strong>vos</strong></span> <span class='ocrx_word' id='word_1_133' title='bbox 1077 2058 1116 2122; x_wconf 89' lang='lat' dir='ltr'><strong>ad</strong></span> <span class='ocrx_word' id='word_1_134' title='bbox 1139 2057 1275 2122; x_wconf 83' lang='lat' dir='ltr'><strong>secunde</strong></span> 
     </span>
     <span class='ocr_line' id='line_1_17' title="bbox 114 2161 1273 2248; baseline 0.001 -24"><span class='ocrx_word' id='word_1_135' title='bbox 114 2161 243 2226; x_wconf 85' lang='lat' dir='ltr'><strong>volssse</strong></span> <span class='ocrx_word' id='word_1_136' title='bbox 265 2161 478 2242; x_wconf 79' lang='lat' dir='ltr'><strong>matrimonia,</strong></span> <span class='ocrx_word' id='word_1_137' title='bbox 503 2184 565 2248; x_wconf 87' lang='lat' dir='ltr'><strong>que</strong></span> <span class='ocrx_word' id='word_1_138' title='bbox 588 2163 677 2229; x_wconf 89' lang='lat' dir='ltr'><strong>vobis</strong></span> <span class='ocrx_word' id='word_1_139' title='bbox 708 2163 814 2228; x_wconf 85' lang='lat' dir='ltr'><strong>fauste</strong></span> <span class='ocrx_word' id='word_1_140' title='bbox 837 2186 873 2230; x_wconf 90' lang='lat' dir='ltr'><strong>ae</strong></span> <span class='ocrx_word' id='word_1_141' title='bbox 896 2163 1004 2229; x_wconf 83' lang='lat' dir='ltr'><strong>felicia</strong></span> <span class='ocrx_word' id='word_1_142' title='bbox 1028 2199 1065 2210; x_wconf 94' lang='lat'><em>-</em></span> <span class='ocrx_word' id='word_1_143' title='bbox 1092 2161 1139 2226; x_wconf 91' lang='lat' dir='ltr'><strong>uti</strong></span> <span class='ocrx_word' id='word_1_144' title='bbox 1164 2182 1273 2246; x_wconf 87' lang='lat' dir='ltr'><strong>prece·</strong></span> 
     </span>
     <span class='ocr_line' id='line_1_18' title="bbox 112 2264 1274 2352; baseline -0.001 -22"><span class='ocrx_word' id='word_1_145' title='bbox 112 2267 229 2330; x_wconf 88' lang='lat' dir='ltr'><strong>dentes</strong></span> <span class='ocrx_word' id='word_1_146' title='bbox 252 2264 341 2330; x_wconf 88' lang='lat' dir='ltr'><strong>fuere</strong></span> <span class='ocrx_word' id='word_1_147' title='bbox 365 2303 404 2313; x_wconf 94' lang='lat'>-</span> <span class='ocrx_word' id='word_1_148' title='bbox 429 2271 506 2352; x_wconf 91' lang='lat' dir='ltr'><strong>opto</strong></span> <span class='ocrx_word' id='word_1_149' title='bbox 537 2267 674 2333; x_wconf 86' lang='lat' dir='ltr'><strong>meximo</strong></span> <span class='ocrx_word' id='word_1_150' title='bbox 704 2267 829 2335; x_wconf 84' lang='lat' dir='ltr'><strong>affeetu.</strong></span> <span class='ocrx_word' id='word_1_151' title='bbox 878 2266 972 2333; x_wconf 82' lang='lat' dir='ltr'><strong>Faxit</strong></span> <span class='ocrx_word' id='word_1_152' title='bbox 998 2267 1084 2334; x_wconf 92' lang='lat' dir='ltr'><strong>enim</strong></span> <span class='ocrx_word' id='word_1_153' title='bbox 1119 2266 1195 2331; x_wconf 88' lang='lat' dir='ltr'><strong>deus</strong></span> <span class='ocrx_word' id='word_1_154' title='bbox 1217 2287 1274 2329; x_wconf 84' lang='lat' dir='ltr'><strong>sue</strong></span> 
     </span>
     <span class='ocr_line' id='line_1_19' title="bbox 114 2369 1275 2458; baseline -0.001 -23"><span class='ocrx_word' id='word_1_155' title='bbox 114 2369 349 2454; x_wconf 81' lang='lat' dir='ltr'><strong>benignissima</strong></span> <span class='ocrx_word' id='word_1_156' title='bbox 380 2373 505 2456; x_wconf 80' lang='lat' dir='ltr'><strong>grauia,</strong></span> <span class='ocrx_word' id='word_1_157' title='bbox 538 2377 570 2438; x_wconf 90' lang='lat' dir='ltr'><strong>et</strong></span> <span class='ocrx_word' id='word_1_158' title='bbox 600 2373 670 2458; x_wconf 90' lang='lat' dir='ltr'><strong>ipso</strong></span> <span class='ocrx_word' id='word_1_159' title='bbox 699 2380 858 2439; x_wconf 89' lang='lat' dir='ltr'><strong>annuente</strong></span> <span class='ocrx_word' id='word_1_160' title='bbox 887 2395 959 2439; x_wconf 90' lang='lat' dir='ltr'><strong>eum</strong></span> <span class='ocrx_word' id='word_1_161' title='bbox 993 2371 1089 2438; x_wconf 89' lang='lat' dir='ltr'><strong>simul</strong></span> <span class='ocrx_word' id='word_1_162' title='bbox 1111 2371 1145 2436; x_wconf 92' lang='lat' dir='ltr'><strong>in</strong></span> <span class='ocrx_word' id='word_1_163' title='bbox 1169 2371 1275 2456; x_wconf 89' lang='lat' dir='ltr'><strong>patria</strong></span> 
     </span>
     <span class='ocr_line' id='line_1_20' title="bbox 115 2475 1274 2566; baseline 0 -27"><span class='ocrx_word' id='word_1_164' title='bbox 115 2476 257 2554; x_wconf 86' lang='lat' dir='ltr'><strong>erimus,</strong></span> <span class='ocrx_word' id='word_1_165' title='bbox 284 2479 321 2540; x_wconf 90' lang='lat' dir='ltr'><strong>ut</strong></span> <span class='ocrx_word' id='word_1_166' title='bbox 354 2475 443 2543; x_wconf 90' lang='lat' dir='ltr'><strong>vobis</strong></span> <span class='ocrx_word' id='word_1_167' title='bbox 466 2479 634 2566; x_wconf 83' lang='lat' dir='ltr'><strong>coniugem</strong></span> <span class='ocrx_word' id='word_1_168' title='bbox 657 2484 783 2565; x_wconf 81' lang='lat' dir='ltr'><strong>grutem</strong></span> <span class='ocrx_word' id='word_1_169' title='bbox 808 2483 842 2544; x_wconf 94' lang='lat' dir='ltr'><strong>et</strong></span> <span class='ocrx_word' id='word_1_170' title='bbox 863 2501 970 2545; x_wconf 87' lang='lat' dir='ltr'><strong>amore</strong></span> <span class='ocrx_word' id='word_1_171' title='bbox 993 2482 1171 2563; x_wconf 72' lang='lat' dir='ltr'><strong>sumptam,</strong></span> <span class='ocrx_word' id='word_1_172' title='bbox 1195 2475 1274 2540; x_wconf 88' lang='lat' dir='ltr'><strong>mihi</strong></span> 
     </span>
    </p>
   </div>
   <div class='ocr_carea' id='block_1_3' title="bbox 115 2579 1274 2988">
    <p class='ocr_par' dir='ltr' id='par_1_3' title="bbox 115 2579 1274 2988">
     <span class='ocr_line' id='line_1_21' title="bbox 116 2579 1273 2670; baseline 0.002 -24"><span class='ocrx_word' id='word_1_173' title='bbox 116 2602 196 2646; x_wconf 90' lang='lat' dir='ltr'><strong>vero</strong></span> <span class='ocrx_word' id='word_1_174' title='bbox 227 2579 443 2648; x_wconf 77' lang='lat' dir='ltr'><strong>benivolencia</strong></span> <span class='ocrx_word' id='word_1_175' title='bbox 473 2585 674 2650; x_wconf 78' lang='lat' dir='ltr'><strong>coniunctam</strong></span> <span class='ocrx_word' id='word_1_176' title='bbox 702 2587 867 2670; x_wconf 83' lang='lat' dir='ltr'><strong>reperiam.</strong></span> <span class='ocrx_word' id='word_1_177' title='bbox 914 2585 1080 2652; x_wconf 88' lang='lat' dir='ltr'><strong>Postremo</strong></span> <span class='ocrx_word' id='word_1_178' title='bbox 1110 2605 1161 2649; x_wconf 89' lang='lat' dir='ltr'><strong>me</strong></span> <span class='ocrx_word' id='word_1_179' title='bbox 1188 2605 1273 2648; x_wconf 88' lang='lat' dir='ltr'><strong>oom-</strong></span> 
     </span>
     <span class='ocr_line' id='line_1_22' title="bbox 115 2685 1274 2777; baseline 0.002 -27"><span class='ocrx_word' id='word_1_180' title='bbox 115 2685 300 2750; x_wconf 87' lang='lat' dir='ltr'><strong>mendatum</strong></span> <span class='ocrx_word' id='word_1_181' title='bbox 315 2688 467 2772; x_wconf 88' lang='lat' dir='ltr'><strong>suscipite</strong></span> <span class='ocrx_word' id='word_1_182' title='bbox 477 2709 543 2767; x_wconf 84' lang='lat' dir='ltr'><strong>oro,</strong></span> <span class='ocrx_word' id='word_1_183' title='bbox 555 2711 683 2774; x_wconf 91' lang='lat' dir='ltr'><strong>remque</strong></span> <span class='ocrx_word' id='word_1_184' title='bbox 699 2713 801 2756; x_wconf 86' lang='lat' dir='ltr'><strong>msam</strong></span> <span class='ocrx_word' id='word_1_185' title='bbox 813 2697 979 2777; x_wconf 80' lang='lat' dir='ltr'><strong>paternam</strong></span> <span class='ocrx_word' id='word_1_186' title='bbox 992 2691 1083 2756; x_wconf 91' lang='lat' dir='ltr'><strong>vobis</strong></span> <span class='ocrx_word' id='word_1_187' title='bbox 1099 2689 1274 2756; x_wconf 82' lang='lat' dir='ltr'><strong>committo.</strong></span> 
     </span>
     <span class='ocr_line' id='line_1_23' title="bbox 115 2791 1272 2879; baseline 0.001 -22"><span class='ocrx_word' id='word_1_188' title='bbox 115 2791 213 2857; x_wconf 84' lang='lat' dir='ltr'><strong>Scitis</strong></span> <span class='ocrx_word' id='word_1_189' title='bbox 236 2791 340 2871; x_wconf 77' lang='lat' dir='ltr'><strong>euim,</strong></span> <span class='ocrx_word' id='word_1_190' title='bbox 364 2815 428 2877; x_wconf 91' lang='lat' dir='ltr'><strong>quo</strong></span> <span class='ocrx_word' id='word_1_191' title='bbox 450 2793 590 2878; x_wconf 80' lang='lat' dir='ltr'><strong>periculo</strong></span> <span class='ocrx_word' id='word_1_192' title='bbox 613 2799 756 2862; x_wconf 80' lang='lat' dir='ltr'><strong>versetur</strong></span> <span class='ocrx_word' id='word_1_193' title='bbox 777 2801 819 2876; x_wconf 80' lang='lat' dir='ltr'><strong>et,</strong></span> <span class='ocrx_word' id='word_1_194' title='bbox 852 2798 919 2863; x_wconf 84' lang='lat' dir='ltr'><strong>vite</strong></span> <span class='ocrx_word' id='word_1_195' title='bbox 941 2796 1125 2875; x_wconf 66' lang='lat' dir='ltr'><strong>eomiteute¹</strong></span> <span class='ocrx_word' id='word_1_196' title='bbox 1149 2795 1175 2858; x_wconf 89' lang='lat' dir='ltr'><strong>si</strong></span> <span class='ocrx_word' id='word_1_197' title='bbox 1200 2794 1272 2879; x_wconf 90' lang='lat' dir='ltr'><strong>pin·</strong></span> 
     </span>
     <span class='ocr_line' id='line_1_24' title="bbox 117 2896 1273 2988; baseline 0.003 -28"><span class='ocrx_word' id='word_1_198' title='bbox 117 2898 213 2982; x_wconf 83' lang='lat' dir='ltr'><strong>guior</strong></span> <span class='ocrx_word' id='word_1_199' title='bbox 244 2896 354 2962; x_wconf 76' lang='lat' dir='ltr'><strong>arrisit</strong></span> <span class='ocrx_word' id='word_1_200' title='bbox 382 2898 531 2979; x_wconf 84' lang='lat' dir='ltr'><strong>fortuna,</strong></span> <span class='ocrx_word' id='word_1_201' title='bbox 561 2904 597 2964; x_wconf 90' lang='lat' dir='ltr'><strong>ut</strong></span> <span class='ocrx_word' id='word_1_202' title='bbox 628 2901 816 2987; x_wconf 88' lang='lat' dir='ltr'><strong>vobisquid</strong></span> <span class='ocrx_word' id='word_1_203' title='bbox 840 2909 969 2988; x_wconf 79' lang='lat' dir='ltr'><strong>gratum</strong></span> <span class='ocrx_word' id='word_1_204' title='bbox 1001 2901 1125 2968; x_wconf 82' lang='lat' dir='ltr'><strong>efficere</strong></span> <span class='ocrx_word' id='word_1_205' title='bbox 1150 2921 1273 2985; x_wconf 79' lang='lat' dir='ltr'><strong>queam,</strong></span> 
     </span>
    </p>
   </div>
   <div class='ocr_carea' id='block_1_4' title="bbox 120 2999 1274 3192">
    <p class='ocr_par' dir='ltr' id='par_1_4' title="bbox 120 2999 1274 3192">
     <span class='ocr_line' id='line_1_25' title="bbox 120 2999 1274 3094; baseline 0 -26"><span class='ocrx_word' id='word_1_206' title='bbox 120 3023 170 3068; x_wconf 91' lang='lat' dir='ltr'><strong>me</strong></span> <span class='ocrx_word' id='word_1_207' title='bbox 192 3023 319 3084; x_wconf 89' lang='lat' dir='ltr'><strong>semper</strong></span> <span class='ocrx_word' id='word_1_208' title='bbox 333 3003 568 3088; x_wconf 77' lang='lat' dir='ltr'><strong>paratissimum</strong></span> <span class='ocrx_word' id='word_1_209' title='bbox 584 3004 693 3071; x_wconf 82' lang='lat' dir='ltr'><strong>offero.</strong></span> <span class='ocrx_word' id='word_1_210' title='bbox 717 3005 858 3094; x_wconf 74' lang='lat' dir='ltr'><strong>Valelte]</strong></span> <span class='ocrx_word' id='word_1_211' title='bbox 871 3008 1017 3073; x_wconf 77' lang='lat' dir='ltr'><strong>feliciter.</strong></span> <span class='ocrx_word' id='word_1_212' title='bbox 1042 3007 1088 3070; x_wconf 80' lang='lat' dir='ltr'><strong>Ex</strong></span> <span class='ocrx_word' id='word_1_213' title='bbox 1100 2999 1274 3090; x_wconf 80' lang='lat' dir='ltr'><strong>Aug[uste]</strong></span> 
     </span>
     <span class='ocr_line' id='line_1_26' title="bbox 121 3105 463 3192; baseline 0 -20"><span class='ocrx_word' id='word_1_214' title='bbox 121 3105 215 3174; x_wconf 88' lang='grc'><strong>..70</strong></span> <span class='ocrx_word' id='word_1_215' title='bbox 238 3107 294 3172; x_wconf 84' lang='grc'><strong>30·</strong></span> <span class='ocrx_word' id='word_1_216' title='bbox 313 3106 463 3192; x_wconf 88' lang='lat' dir='ltr'><strong>januarij.</strong></span> 
     </span>
    </p>
   </div>
   <div class='ocr_carea' id='block_1_5' title="bbox 123 3387 1275 3727">
    <p class='ocr_par' dir='ltr' id='par_1_5' title="bbox 123 3387 1275 3727">
     <span class='ocr_line' id='line_1_27' title="bbox 667 3387 729 3463; baseline 0.081 -5"><span class='ocrx_word' id='word_1_217' title='bbox 667 3387 689 3458; x_wconf 87' lang='lat'>8</span> <span class='ocrx_word' id='word_1_218' title='bbox 718 3443 729 3463; x_wconf 90' lang='lat'><strong>.</strong></span> 
     </span>
     <span class='ocr_line' id='line_1_28' title="bbox 123 3389 1275 3604; baseline -0.003 -22"><span class='ocrx_word' id='word_1_219' title='bbox 123 3509 313 3584; x_wconf 77' lang='lat' dir='ltr'><strong>Hermann</strong></span> <span class='ocrx_word' id='word_1_220' title='bbox 342 3505 496 3583; x_wconf 87' lang='lat' dir='ltr'><strong>Sehedel</strong></span> <span class='ocrx_word' id='word_1_221' title='bbox 524 3533 572 3583; x_wconf 87' lang='lat' dir='ltr'><strong>an</strong></span> <span class='ocrx_word' id='word_1_222' title='bbox 607 3389 822 3583; x_wconf 72' lang='lat' dir='ltr'><strong>Harimann</strong></span> <span class='ocrx_word' id='word_1_223' title='bbox 845 3509 1010 3583; x_wconf 81' lang='lat' dir='ltr'><strong>Schedel.</strong></span> <span class='ocrx_word' id='word_1_224' title='bbox 1062 3506 1275 3604; x_wconf 77' lang='lat' dir='ltr'><strong>[Nurnberg</strong></span> 
     </span>
     <span class='ocr_line' id='line_1_29' title="bbox 632 3632 779 3727; baseline 0.014 -23"><span class='ocrx_word' id='word_1_225' title='bbox 632 3632 779 3727; x_wconf 82' lang='lat' dir='ltr'><strong>1470l].</strong></span> 
     </span>
    </p>
   </div>
   <div class='ocr_carea' id='block_1_6' title="bbox 487 3785 907 3856">
    <p class='ocr_par' dir='ltr' id='par_1_6' title="bbox 487 3785 907 3856">
     <span class='ocr_line' id='line_1_30' title="bbox 487 3785 907 3856; baseline 0 -14"><span class='ocrx_word' id='word_1_226' title='bbox 487 3787 551 3844; x_wconf 87' lang='lat' dir='ltr'><strong>elm.</strong></span> <span class='ocrx_word' id='word_1_227' title='bbox 570 3788 740 3844; x_wconf 70' lang='lat' dir='ltr'><strong>selures.</strong></span> <span class='ocrx_word' id='word_1_228' title='bbox 776 3785 907 3856; x_wconf 80' lang='lat' dir='ltr'><strong>Oenoept.</strong></span> 
     </span>
    </p>
   </div>
   <div class='ocr_carea' id='block_1_7' title="bbox 125 3908 1275 4082">
    <p class='ocr_par' dir='ltr' id='par_1_7' title="bbox 125 3908 1275 4082">
     <span class='ocr_line' id='line_1_31' title="bbox 126 3908 1274 3994; baseline -0.005 -17"><span class='ocrx_word' id='word_1_229' title='bbox 126 3913 284 3977; x_wconf 88' lang='lat' dir='ltr'><strong>Bietet</strong></span> <span class='ocrx_word' id='word_1_230' title='bbox 324 3910 415 3975; x_wconf 88' lang='lat' dir='ltr'><strong>ihm</strong></span> <span class='ocrx_word' id='word_1_231' title='bbox 453 3910 589 3975; x_wconf 90' lang='lat' dir='ltr'><strong>einen</strong></span> <span class='ocrx_word' id='word_1_232' title='bbox 628 3909 916 3994; x_wconf 82' lang='lat' dir='ltr'><strong>gedruolrteu</strong></span> <span class='ocrx_word' id='word_1_233' title='bbox 957 3908 1144 3972; x_wconf 85' lang='lat' dir='ltr'><strong>Plinius</strong></span> <span class='ocrx_word' id='word_1_234' title='bbox 1181 3930 1274 3972; x_wconf 84' lang='lat' dir='ltr'><strong>eum</strong></span> 
     </span>
     <span class='ocr_line' id='line_1_32' title="bbox 125 4012 1275 4082; baseline -0.005 0"><span class='ocrx_word' id='word_1_235' title='bbox 125 4015 310 4082; x_wconf 83' lang='lat' dir='ltr'><strong>laufan.</strong></span> <span class='ocrx_word' id='word_1_236' title='bbox 350 4012 1275 4080; x_wconf 81' lang='lat' dir='ltr'><strong>Naehriehtenliberneuerwiihltestadt-</strong></span> 
     </span>
    </p>
   </div>
   <div class='ocr_carea' id='block_1_8' title="bbox 127 4149 1276 4556">
    <p class='ocr_par' dir='ltr' id='par_1_8' title="bbox 691 4149 708 4186">
     <span class='ocr_line' id='line_1_33' title="bbox 691 4149 708 4186; baseline 0 0"><span class='ocrx_word' id='word_1_237' title='bbox 691 4149 708 4186; x_wconf 74' lang='lat' dir='ltr'><strong>s</strong></span> 
     </span>
    </p>

    <p class='ocr_par' dir='ltr' id='par_1_9' title="bbox 127 4219 1276 4556">
     <span class='ocr_line' id='line_1_34' title="bbox 193 4219 1276 4291; baseline -0.003 -13"><span class='ocrx_word' id='word_1_238' title='bbox 193 4227 204 4278; x_wconf 91' lang='lat' dir='ltr'><strong>l</strong></span> <span class='ocrx_word' id='word_1_239' title='bbox 226 4222 270 4277; x_wconf 91' lang='lat' dir='ltr'><strong>Ob</strong></span> <span class='ocrx_word' id='word_1_240' title='bbox 288 4222 348 4277; x_wconf 89' lang='lat' dir='ltr'><strong>hier</strong></span> <span class='ocrx_word' id='word_1_241' title='bbox 367 4223 427 4278; x_wconf 90' lang='lat' dir='ltr'><strong>eine</strong></span> <span class='ocrx_word' id='word_1_242' title='bbox 441 4222 584 4278; x_wconf 77' lang='lat' dir='ltr'><strong>virlrliohe</strong></span> <span class='ocrx_word' id='word_1_243' title='bbox 606 4221 734 4291; x_wconf 82' lang='lat' dir='ltr'><strong>sendung</strong></span> <span class='ocrx_word' id='word_1_244' title='bbox 747 4223 818 4278; x_wconf 77' lang='lat' dir='ltr'><strong>nach</strong></span> <span class='ocrx_word' id='word_1_245' title='bbox 833 4221 908 4276; x_wconf 87' lang='lat' dir='ltr'><strong>Tirol</strong></span> <span class='ocrx_word' id='word_1_246' title='bbox 926 4220 1051 4290; x_wconf 86' lang='lat' dir='ltr'><strong>gemeiut</strong></span> <span class='ocrx_word' id='word_1_247' title='bbox 1064 4219 1125 4274; x_wconf 77' lang='lat' dir='ltr'><strong>ist?</strong></span> <span class='ocrx_word' id='word_1_248' title='bbox 1143 4219 1276 4284; x_wconf 81' lang='lat' dir='ltr'><strong>Zarnelve‚</strong></span> 
     </span>
     <span class='ocr_line' id='line_1_35' title="bbox 127 4307 1274 4371; baseline -0.005 -3"><span class='ocrx_word' id='word_1_249' title='bbox 127 4310 172 4368; x_wconf 79' lang='lat' dir='ltr'><strong>oie</strong></span> <span class='ocrx_word' id='word_1_250' title='bbox 189 4310 343 4366; x_wconf 77' lang='lat' dir='ltr'><strong>deutschen</strong></span> <span class='ocrx_word' id='word_1_251' title='bbox 361 4309 572 4366; x_wconf 77' lang='lat' dir='ltr'><strong>Univereittteu</strong></span> <span class='ocrx_word' id='word_1_252' title='bbox 587 4309 625 4365; x_wconf 90' lang='lat' dir='ltr'><strong>im</strong></span> <span class='ocrx_word' id='word_1_253' title='bbox 645 4307 814 4364; x_wconf 80' lang='lat' dir='ltr'><strong>Mittelelter</strong></span> <span class='ocrx_word' id='word_1_254' title='bbox 833 4309 884 4364; x_wconf 83' lang='lat'><strong>250</strong></span> <span class='ocrx_word' id='word_1_255' title='bbox 903 4327 936 4362; x_wconf 86' lang='lat' dir='ltr'><strong>au</strong></span> <span class='ocrx_word' id='word_1_256' title='bbox 951 4307 1008 4371; x_wconf 83' lang='lat'>101,</span> <span class='ocrx_word' id='word_1_257' title='bbox 1020 4307 1050 4360; x_wconf 83' lang='lat'><strong>21</strong></span> <span class='ocrx_word' id='word_1_258' title='bbox 1073 4308 1202 4361; x_wconf 74' lang='lat' dir='ltr'><strong>eruthnt</strong></span> <span class='ocrx_word' id='word_1_259' title='bbox 1221 4307 1274 4362; x_wconf 89' lang='lat' dir='ltr'><strong>den</strong></span> 
     </span>
     <span class='ocr_line' id='line_1_36' title="bbox 127 4394 1276 4467; baseline -0.004 -13"><span class='ocrx_word' id='word_1_260' title='bbox 127 4398 261 4454; x_wconf 79' lang='lat' dir='ltr'><strong>uuedruelr</strong></span> <span class='ocrx_word' id='word_1_261' title='bbox 281 4396 334 4452; x_wconf 85' lang='lat' dir='ltr'><strong>»ad</strong></span> <span class='ocrx_word' id='word_1_262' title='bbox 354 4397 479 4452; x_wconf 76' lang='lat' dir='ltr'><strong>Athesim</strong></span> <span class='ocrx_word' id='word_1_263' title='bbox 500 4415 529 4452; x_wconf 89' lang='lat' dir='ltr'><strong>se</strong></span> <span class='ocrx_word' id='word_1_264' title='bbox 547 4401 640 4467; x_wconf 86' lang='lat' dir='ltr'><strong>parat,</strong></span> <span class='ocrx_word' id='word_1_265' title='bbox 660 4397 819 4467; x_wconf 77' lang='lat' dir='ltr'><strong>vulgariter</strong></span> <span class='ocrx_word' id='word_1_266' title='bbox 842 4395 943 4451; x_wconf 82' lang='lat' dir='ltr'><strong>viidie</strong></span> <span class='ocrx_word' id='word_1_267' title='bbox 964 4394 1061 4449; x_wconf 78' lang='lat' dir='ltr'><strong>Etseh«</strong></span> <span class='ocrx_word' id='word_1_268' title='bbox 1083 4395 1136 4449; x_wconf 89' lang='lat' dir='ltr'><strong>mit</strong></span> <span class='ocrx_word' id='word_1_269' title='bbox 1154 4395 1276 4450; x_wconf 72' lang='lat' dir='ltr'><strong>erltute·</strong></span> 
     </span>
     <span class='ocr_line' id='line_1_37' title="bbox 127 4481 1274 4556; baseline -0.003 -16"><span class='ocrx_word' id='word_1_270' title='bbox 127 4503 193 4556; x_wconf 79' lang='lat' dir='ltr'><strong>rung</strong></span> <span class='ocrx_word' id='word_1_271' title='bbox 200 4485 289 4540; x_wconf 82' lang='lat' dir='ltr'><strong>dureh</strong></span> <span class='ocrx_word' id='word_1_272' title='bbox 300 4483 490 4540; x_wconf 83' lang='lat' dir='ltr'><strong>daemoderue</strong></span> <span class='ocrx_word' id='word_1_273' title='bbox 501 4485 703 4542; x_wconf 73' lang='lat' dir='ltr'><strong>›sueeteehemc</strong></span> <span class='ocrx_word' id='word_1_274' title='bbox 724 4483 819 4539; x_wconf 86' lang='lat' dir='ltr'><strong>Ulrner</strong></span> <span class='ocrx_word' id='word_1_275' title='bbox 827 4484 865 4536; x_wconf 84' lang='lat' dir='ltr'><strong>ist</strong></span> <span class='ocrx_word' id='word_1_276' title='bbox 874 4481 1054 4552; x_wconf 75' lang='lat' dir='ltr'><strong>Numberger</strong></span> <span class='ocrx_word' id='word_1_277' title='bbox 1065 4481 1274 4538; x_wconf 84' lang='lat' dir='ltr'><strong>rateeehrsiber.</strong></span> 
     </span>
    </p>
   </div>
   <div class='ocr_carea' id='block_1_9' title="bbox 0 0 1547 5068">
    <p class='ocr_par' dir='ltr' id='par_1_10' title="bbox 0 0 1547 5068">
     <span class='ocr_line' id='line_1_38' title="bbox 0 0 1547 5068; baseline 0 0"><span class='ocrx_word' id='word_1_278' title='bbox 0 0 1547 5068; x_wconf 95' lang='lat' dir='ltr'><strong> </strong></span> 
     </span>
    </p>
   </div>
  </div>
 </body>
</html>
