3062 5068
683 443 744 505 179

112 617 266 694 celeris,
295 639 407 682 rernm
431 621 464 681 cl
486 637 575 681 encre
609 619 784 680 allectante
806 617 967 700 scripture
983 617 1129 684 Ezechiel
1149 620 1182 684 7⁰
1204 629 1286 705 cnp⁰.

116 757 166 768 -·
191 743 287 806 qnam
312 723 434 806 fugem.
478 721 581 798 Quare
605 727 637 787 le
652 721 684 786 id
700 723 805 786 iecere
819 721 962 787 freierne
977 723 1090 788 hortor
1104 732 1137 789 et
1154 747 1287 800 monem

115 833 162 890 nt
190 831 224 892 le
247 829 326 892 (lens
348 849 406 892 sue
429 827 659 911 benignissima
681 827 791 912 gracia
813 827 943 906 salvem,
968 827 1160 894 incolumem
1185 831 1290 913 petrie

115 934 381 1013 mercelinum,
412 952 523 997 omnes
554 935 623 996 roro
657 930 773 996 ellectu
805 931 992 1017 sinceroque
1024 933 1118 997 corde
1141 938 1289 1016 optemus

114 1037 334 1122 supliceeqne
356 1037 450 1103 deum
466 1037 497 1100 in
522 1036 777 1102 diesexornmue.
815 1033 853 1098 In
878 1056 941 1119 quo
964 1040 997 1100 le
1020 1035 1159 1101 feliciter
1180 1038 1288 1101 velere

117 1144 237 1225 cupio.
287 1139 333 1206 Ex
358 1139 613 1228 Nnrlemberge]
637 1141 708 1225 ipso
729 1141 781 1205 die
803 1139 948 1227 Jac[obi]
976 1142 1069 1206 1468.

714 1365 816 1372 ρ..--

707 1463 738 1535 l.

127 1585 334 1658 Hermann
375 1585 529 1659 Schedel
585 1609 632 1659 an
673 1467 867 1684 iiralenrin
905 1585 1014 1659 Eber.
1090 1585 1290 1678 Numberg

542 1710 644 1784 1468
672 1709 851 1808 augusll]
867 1705 892 1785 ².

495 1863 559 1918 clm.
579 1865 630 1918 ⁴41
649 1865 668 1920 f.
688 1865 761 1920 22οἱ
798 1865 931 1937 Conoepl

131 1935 246 2018 llber
268 1958 478 2038 rorgfinge
501 1955 542 2020 in
565 1953 800 2042 Augebnrg.
846 1955 1100 2038 Erwerbung
1123 1955 1192 2020 des
1215 1953 1290 2018 Ve-

517 2061 667 2126 lerius
691 2061 906 2127 Maximus.

222 2197 364 2264 Salutem
387 2199 560 2284 plurimam
583 2207 685 2285 optet,
710 2202 758 2266 vir
780 2201 1009 2267 humanissime
1033 2221 1071 2265 ec
1095 2199 1194 2264 stater
1216 2219 1288 2263 eno-

131 2303 285 2370 vissime!
301 2355 505 2373 .........
536 2305 706 2374 Relacione
742 2307 940 2393 quorundam
972 2312 1047 2370 ente
1077 2305 1201 2390 aliquot
1224 2304 1291 2368 dics

133 2409 255 2492 occepi,
279 2431 333 2474 vos
354 2433 419 2476 nne
440 2433 511 2478 cum
529 2410 645 2478 Geor-io
667 2411 786 2478 Strenfi
802 2414 836 2476 in
851 2412 1015 2496 legacione
1036 2411 1075 2476 ed
1099 2411 1127 2476 d.
1152 2411 1291 2494 impers-

130 2521 240 2579 lorem
263 2514 364 2580 fnisse
386 2517 520 2584 missum
532 2515 555 2598 ¹,
579 2521 627 2583 sel
649 2540 720 2583 curn
744 2519 866 2602 pridem
890 2538 978 2583 secus
1001 2517 1173 2594 audissem,
1200 2515 1291 2580 vobis

130 2618 345 2685 valitudinem
369 2642 473 2688 mecm
494 2625 650 2708 oplimsm
675 2624 737 2708 hijs
761 2626 838 2690 meis
867 2623 996 2707 scriptis
1020 2620 1171 2686 inlimere
1192 2620 1290 2698 volni,

132 2731 171 2789 ul
206 2729 238 2790 el
261 2747 367 2791 cotem
391 2727 420 2794 d.
454 2728 565 2792 doctor
588 2726 751 2794 conradus
773 2727 894 2794 Schucz
925 2727 1056 2811 singule
1085 2747 1140 2791 ore
1161 2725 1289 2802 referet,

132 2851 231 2913 quem
254 2830 324 2895 loco
346 2832 444 2896 vestri
469 2833 519 2897 hic
543 2833 576 2898 in
601 2834 700 2900 alium
716 2835 831 2920 collegi
844 2833 1052 2898 Valentinum
1063 2830 1087 2912 ⁸,
1111 2853 1168 2896 nec
1183 2836 1289 2895 temen

132 2935 175 2998 ob
200 2934 261 2999 hoc
282 2937 380 3000 vestri
402 2936 547 3001 oblivi0⁴
570 2960 721 3022 umquam
754 2939 876 3004 excidel
898 2962 918 3004 e
941 2941 1057 3002 menie.
1103 2935 1192 3012 Quod
1217 2956 1289 2999 cnm

133 3039 181 3102 ite
215 3040 315 3106 fixum
337 3041 443 3106 animo
472 3062 543 3106 meo
575 3041 738 3126 impressi,
771 3043 802 3106 id
832 3052 869 3108 ut
898 3043 1034 3108 vicissim
1059 3042 1117 3107 fist
1138 3039 1290 3106 missione

134 3145 315 3224 literarum,
339 3147 427 3213 omni
448 3147 566 3213 effectu
588 3150 706 3212 iterum
738 3153 836 3233 elque
868 3151 985 3214 ilerum
1009 3169 1098 3233 rogo.
1144 3145 1216 3212 Scio
1239 3145 1289 3209 in·

138 3271 238 3334 snper
261 3255 294 3316 el
315 3257 421 3319 certus
436 3276 515 3332 sum,
540 3260 697 3337 quatenns
712 3254 864 3322 hactenns
880 3276 935 3338 pre
951 3254 1064 3320 ceteris
1087 3254 1144 3320 hec
1167 3257 1289 3334 tempe-

133 3358 220 3420 slclc
231 3355 356 3422 instilis
368 3359 489 3426 snxicli
501 3361 618 3439 animo,
635 3382 698 3427 non
714 3363 829 3439 minus,
841 3379 950 3446 ymmo
964 3358 1091 3437 sorcius,
1105 3379 1199 3443 quem
1211 3357 1289 3421 cerii

133 3460 174 3525 de
188 3462 313 3542 vestris,
338 3465 393 3547 qni
407 3467 559 3532 amaturis
581 3466 730 3550 porcinis,
751 3467 907 3531 edinnclis
924 3463 1143 3548 polecionibne
1167 3460 1287 3537 validis,

135 3590 223 3634 nnnc
238 3569 289 3634 die
302 3575 462 3656 noctuque
478 3573 628 3638 insudent
643 3577 676 3637 el
698 3572 884 3637 inserviunt.
931 3571 1020 3647 Quod
1043 3590 1118 3634 vero
1134 3564 1192 3630 hae
1208 3569 1288 3629 lem-

135 3677 262 3756 pestele
276 3673 348 3758 plue
365 3677 481 3742 insedit
494 3678 601 3743 enimc
621 3677 797 3762 ingensque
816 3677 969 3742 hactenus
992 3676 1105 3740 incidit
1127 3672 1289 3758 goudium,

136 3783 187 3844 esc
197 3779 282 3864 qnod
295 3783 327 3845 in
350 3785 415 3846 lem
428 3784 631 3850 acerbissimo
644 3783 770 3849 fortune
782 3785 904 3866 impetn
913 3780 1208 3859 consenserere
1217 3800 1289 3862 per-

134 3889 501 3971 ecrersnlssqneonimo
517 3891 659 3956 dominos
686 3911 771 3954 meos
786 3911 911 3972 semper
926 3887 1019 3954 sensi.
1065 3885 1139 3950 Non
1154 3905 1243 3950 secus
1259 3883 1288 3945 id

207 4077 219 4130 l
241 4076 344 4132 Delum
362 4078 420 4134 und
438 4081 548 4137 ndreae
566 4083 638 4138 nech
656 4025 724 4140 deul
738 4082 850 4147 inhell,
870 4081 967 4137 womil
984 4079 1029 4134 die
1046 4076 1171 4144 stellung
1189 4074 1227 4127 im
1246 4089 1289 4128 co·

136 4163 190 4219 dex
209 4165 329 4222 stimme
364 4165 441 4223 Oben
461 4169 512 4224 eui
525 4170 574 4226 der
592 4171 661 4226 reile
678 4171 769 4226 steht:
790 4167 995 4240 [scribendum]
1012 4165 1047 4218 de
1069 4161 1163 4218 Boeoio
1181 4159 1210 4214 in
1229 4159 1290 4213 vnl-

136 4252 198 4321 gnri
217 4251 400 4310 Jollenbler.
438 4255 477 4311 De
488 4256 600 4314 Valerio
619 4257 740 4314 Maximo
761 4255 897 4326 magistro
916 4253 1077 4309 Valentino.
1117 4249 1154 4304 De
1166 4245 1290 4316 oonsilijs

137 4338 295 4411 Frliderioi]
321 4341 357 4397 de
373 4341 452 4398 Senis
470 4347 540 4413 apul
558 4343 585 4397 d.
606 4344 648 4400 Jo.
671 4344 819 4399 [lenimen.
926 4344 942 4396 2
963 4339 1000 4395 ns
1025 4339 1095 4394 vird
1114 4338 1159 4393 die
1178 4335 1289 4392 errore·

136 4427 298 4485 Chroniken
311 4432 343 4494 V,
362 4433 414 4488 3³⁰
433 4432 576 4487 erwlhnle
596 4432 811 4502 gescndlscheii
822 4431 946 4501 gemeinl
964 4430 1031 4484 sein.
1089 4425 1188 4496 3Vgl.
1201 4427 1289 4479 unten

137 4535 178 4572 nr.
196 4519 241 4576 97.
314 4519 331 4572 4
348 4518 503 4575 rclsehlieh
522 4537 575 4595 pus
594 4521 729 4577 memorie.
747 4519 886 4589 corrigirl.

1026 4607 1059 4662 12
1069 4607 1081 4636 ⁸
