2990 5068
808 425 871 492 154

263 603 354 687 gitur
384 601 564 684 eligendum
590 602 633 666 sit
657 601 716 667 hac
739 603 771 666 in
806 624 860 682 re,
892 604 1058 668 audiamus
1081 601 1209 668 Petrum
1238 600 1422 666 Blescnsem

263 707 401 791 epistola
425 708 596 773 trecesimo
619 707 719 774 tercia
741 708 918 775 dicentem:
945 707 1131 774 »Uberioris
1145 708 1251 793 gracie
1268 711 1318 770 eat
1337 705 1425 770 inter

262 811 419 876 seculares
442 834 508 878 esse
533 814 730 898 religiosum,
753 815 838 879 inter
861 815 978 900 impios
1007 836 1075 880 esse
1098 815 1235 878 iustum«
1254 861 1423 878 .......

225 903 228 910 ’
268 983 271 990 ,
351 917 485 985 Domum
508 921 586 984 dicis
610 925 783 1004 postremo:
828 919 893 985 »Ut
918 921 968 985 his
991 920 1119 985 invictis
1143 919 1236 984 malis
1259 919 1424 994 resistere,

261 1027 397 1091 virtutes
414 1026 527 1102 colere,
548 1026 800 1110 religionemque
815 1029 958 1090 sanctum
984 1024 1129 1090 venerari
1145 1023 1319 1100 ualeamus,
1336 1043 1423 1086 mor·

262 1135 325 1195 tem
351 1131 462 1214 ipsam,
485 1153 550 1216 que
572 1131 646 1196 finis
668 1132 810 1196 omniurn
836 1131 994 1196 malorum
1015 1129 1134 1206 existit,
1157 1133 1239 1194 teste
1263 1127 1424 1212 apostole,

261 1235 446 1322 frequenter
469 1237 615 1302 meditari
639 1259 766 1316 censeo,
799 1257 860 1321 que
883 1258 956 1302 cum
979 1236 1065 1299 iuter
1089 1234 1232 1299 timendo
1253 1233 1423 1317 principa·

259 1345 328 1404 turn
354 1341 523 1425 possideat,
553 1343 653 1426 ipsius
675 1341 898 1426 compendiosa
921 1340 1101 1406 recordatio
1123 1361 1186 1404 non
1208 1338 1343 1414 sufficit,
1369 1339 1422 1400 sed

260 1447 345 1511 circa
368 1446 473 1530 ipsam
500 1446 626 1512 diucius
649 1449 812 1514 immorari
837 1452 966 1532 oportet
982 1455 1061 1512 etc«
1108 1445 1295 1510 Hermanno
1318 1444 1423 1508 irater

260 1551 325 1628 mi,
358 1551 435 1616 satis
466 1553 580 1617 surdus
611 1559 674 1630 est,
705 1554 759 1637 qui
790 1555 827 1618 ad
862 1552 1144 1618 cornminacionem
1173 1549 1256 1614 tenti
1281 1549 1421 1616 tonitrui

261 1677 324 1721 uon
348 1657 450 1724 timet.
510 1658 576 1724 Heu
601 1669 656 1723 tua
679 1665 790 1724 sancta
811 1659 931 1742 scripta
959 1665 992 1722 et
1014 1658 1077 1722 alia
1098 1656 1192 1740 plura
1214 1658 1331 1718 assunt
1354 1675 1420 1718 rue·

261 1762 369 1826 morie.
403 1761 497 1828 Petra
514 1765 576 1828 iam
591 1765 672 1829 texit
687 1765 803 1830 iussam
820 1768 863 1842 et,
880 1769 917 1829 ut
932 1769 1050 1828 terrum
1068 1767 1153 1826 terre
1168 1760 1421 1842 commendattll,

260 1866 438 1933 cumulator
460 1868 583 1952 accepit
597 1869 781 1934 mercedem.
829 1866 1080 1942 Testamentum,
1105 1866 1364 1930 anniversarium
1389 1867 1421 1927 et

259 1973 365 2037 carnia
396 1979 510 2058 parata
553 1979 637 2039 sunt.
684 1967 786 2039 Volvo
810 1977 842 2038 et
865 1973 992 2038 revolvo
1022 1973 1134 2038 crebro
1159 1993 1227 2037 meo
1251 1972 1285 2036 iu
1311 1973 1421 2036 animo

261 2077 323 2141 tria
339 2077 504 2161 preterita,
530 2078 675 2144 videlicet
691 2076 848 2143 malorum
865 2078 1129 2155 commissionem,
1147 2078 1303 2142 bonorum
1321 2077 1419 2143 omis·

259 2182 381 2246 siouem
416 2186 449 2247 et
479 2185 632 2267 temporis
654 2184 872 2264 amissionem,
909 2185 973 2248 tria
995 2184 1175 2267 presencia,
1199 2183 1325 2248 scilicet
1356 2184 1421 2248 vile

261 2287 459 2366 brevitatem,
491 2289 632 2355 salvandi
650 2290 875 2355 difficultatem
891 2295 923 2354 et
938 2289 1113 2354 electorum
1127 2288 1337 2373 paucitatem,
1356 2289 1420 2353 tria

259 2391 368 2457 futura
384 2396 420 2456 ut
436 2398 582 2472 mortem,
595 2416 658 2479 qua
668 2395 766 2459 nichil
777 2395 964 2469 terribilius,
974 2395 1137 2472 iudicium,
1149 2414 1212 2480 quo
1224 2391 1326 2458 nichil
1345 2393 1419 2459 bor·

260 2497 396 2577 ribilius,
407 2503 440 2563 et
451 2499 644 2583 supplicium
653 2501 894 2584 sempiternum,
906 2521 969 2585 quo
979 2499 1079 2564 nichil
1088 2499 1351 2564 intollerabilius.
1366 2499 1418 2564 lu·

260 2607 409 2667 tueorme
418 2603 450 2667 in
462 2625 591 2688 vespera
600 2605 666 2671 vite
676 2607 886 2670 constitutum
899 2611 940 2686 et,
952 2605 1034 2690 quod
1048 2603 1125 2669 mihi
1139 2605 1203 2670 cito
1215 2605 1420 2680 morirestet,

259 2729 321 2771 non
343 2705 379 2794 [f.
389 2707 468 2791 275]
483 2710 607 2792 ignoro,
628 2732 698 2774 oum
715 2731 823 2775 omnes
839 2711 994 2775 morimur
1007 2759 1014 2774 .
1027 2759 1034 2775 .
1046 2759 1071 2776 ..
1086 2707 1125 2795 [f.
1138 2708 1231 2792 275⁵]
1245 2759 1252 2774 .
1264 2759 1271 2774 .
1285 2759 1291 2774 .
1312 2707 1417 2795 [Sedl

260 2813 722 2896 nragisterllermaune,timeo,
731 2816 815 2900 quod
827 2816 853 2880 is
864 2837 926 2880 non
937 2816 1112 2881 merebitur
1122 2815 1262 2882 diuinam
1272 2817 1418 2884 obtinere

260 2909 505 3003 indulgenciam,
522 2920 577 3004 qui
590 2920 691 2985 solum
703 2922 820 3005 accipit
833 2922 1052 3006 penitentiam,
1064 2942 1133 2986 cum
1145 2942 1178 2986 se
1194 2921 1335 3004 amplius
1356 2943 1417 2988 non

259 3044 349 3107 posse
365 3025 471 3089 rivere
486 3027 598 3102 cernit,
616 3048 711 3110 quam
728 3047 790 3091 uon
815 3027 983 3111 acciperet,
994 3026 1022 3091 si
1036 3025 1139 3091 adhuc
1153 3047 1188 3091 se
1204 3048 1295 3110 posse
1309 3027 1417 3092 sauari

258 3131 399 3195 crederet
417 3181 422 3194 .
442 3180 470 3194 ..
489 3179 543 3196 ...
563 3183 569 3195 .
588 3180 596 3195 .
614 3130 660 3194 De
683 3131 743 3197 hoc
765 3133 861 3216 louge
884 3131 1012 3217 lateque
1026 3131 1059 3195 iu
1075 3131 1181 3215 prima
1196 3131 1322 3196 exarari
1347 3133 1417 3215 epi-

258 3237 348 3301 stola.
404 3235 604 3324 Anthiocbus
621 3259 682 3302 non
701 3243 749 3302 est
764 3239 1013 3304 misericordiam
1030 3241 1225 3317 consecutus,
1250 3237 1326 3322 quia
1342 3258 1416 3302 cum

259 3341 544 3426 consuetudinarijs
567 3343 786 3426 peccatoribus
808 3365 871 3410 non
889 3365 962 3408 vere
977 3342 1126 3429 penituit.
1183 3339 1309 3421 Fateor,
1330 3343 1415 3425 quod

258 3447 434 3511 misericors
456 3451 503 3510 est
534 3448 697 3526 domiuus,
727 3449 779 3514 sed
803 3449 878 3528 scio,
902 3449 985 3534 quod
1013 3448 1095 3513 sicut
1118 3447 1277 3531 benignus
1311 3451 1360 3512 est
1385 3449 1415 3512 iu

259 3551 447 3630 tollerando,
473 3551 519 3616 ita
541 3553 645 3618 iustus
668 3557 716 3618 est
739 3553 773 3618 in
796 3553 967 3638 puniendo.
1015 3553 1066 3618 ltu
1082 3553 1167 3618 euim
1191 3552 1417 3637 impertitura

258 3655 316 3719 deo
338 3655 474 3739 largitas
495 3657 718 3735 misericordie,
743 3666 780 3724 ut
800 3681 862 3725 non
880 3659 1084 3745 relinquatur
1098 3658 1224 3724 iusticia
1246 3659 1415 3745 discipline

258 3797 299 3808 -—
317 3761 355 3825 de
371 3762 561 3846 penitencie,
583 3765 790 3830 distinccione
805 3766 919 3851 prima,
935 3787 1002 3850 cap.
1021 3765 1196 3849 perfecta¹.
1221 3763 1415 3844 Hermaune,
1482 3785 1483 3852 l

257 3869 294 3931 ad
319 3872 384 3931 tam
409 3889 557 3952 magnum
588 3871 784 3949 tonitruum,
817 3871 872 3954 qui
895 3893 958 3936 uon
983 3870 1236 3955 expergiscitur,
1271 3871 1330 3937 ille
1352 3895 1413 3938 uon
1482 3853 1483 3883 ¹

257 3974 385 4052 dormit,
408 3973 461 4037 sed
486 3978 629 4038 mortuus
653 3978 701 4038 est
717 4025 724 4039 .
740 4024 747 4039 .
762 4025 768 4039 .
781 4025 788 4040 .
801 4025 829 4041 ..
845 4025 851 4038 .
879 3975 916 4061 [f.
938 3972 1019 4061 276]
1033 4025 1038 4038 .
1050 4024 1074 4040 ..
1090 3971 1214 4039 Ultimo
1237 3975 1414 4043 concludis:

259 4078 429 4158 »Obsecrm
453 4100 493 4142 ne
516 4101 566 4143 me
584 4079 657 4144 licet
678 4081 803 4164 magnis
826 4081 997 4146 distantem
1021 4079 1178 4146 tractibus
1201 4080 1340 4162 deseras,
1362 4083 1413 4148 sed

256 4183 455 4249 orationibus
487 4184 553 4249 tuis
584 4185 706 4250 devotis
739 4207 816 4271 erge
849 4189 941 4252 deum
974 4187 1265 4254 recommendatum
1298 4189 1414 4255 habeas

254 4289 371 4355 obnixe
394 4311 472 4374 rogo
495 4295 575 4356 etc«
624 4291 709 4358 Bene
733 4313 881 4378 rogares,
914 4295 942 4358 si
966 4294 1093 4360 iusticia
1114 4293 1239 4359 adesset
1259 4295 1412 4376 subiecto,
1481 4289 1482 4343 l

328 4515 340 4570 1
361 4513 426 4585 Vgl.
445 4516 516 4571 oben
535 4535 566 4588 p.
582 4518 655 4574 120¹.
823 4445 841 4486 *
