3062 5068
789 411 851 476 182

245 585 443 652 incurrisset.
490 581 537 646 Do
559 581 665 649 studio
688 607 744 651 suo
767 590 805 652 ut
826 609 881 654 vos
903 586 1071 653 certiorem
1093 585 1238 666 reddam,
1271 585 1410 664 scitote,

248 692 331 776 quod
355 689 493 774 diligens
516 687 652 756 multum
677 691 760 770 fuit,
791 695 845 758 sed
869 715 970 758 unum
995 691 1161 776 displicuit
1182 691 1248 756 suis
1270 689 1414 756 confra-

244 796 360 862 tribus.
405 792 489 860 Nam
514 815 584 860 cum
608 794 703 861 homo
726 798 919 863 naturaliter
942 797 985 862 rit
1007 796 1125 862 enimet
1148 795 1334 878 polliticum
1354 793 1412 858 di·

244 901 350 985 ligens
372 899 568 980 societatem,
594 903 662 986 ipse
685 925 760 968 vero
785 905 984 970 desiderabat
999 923 1126 986 semper
1140 901 1321 967 solitariam
1343 901 1412 965 dn·

245 1007 457 1084 emeritam,
489 1025 561 1068 oum
593 1004 633 1071 de
663 1007 757 1072 scolis
780 1006 926 1074 Ferrarie
947 1013 1096 1087 venenet,
1129 1006 1163 1072 in
1192 1027 1318 1072 camera
1346 1027 1414 1068 sua

246 1111 335 1177 solus
358 1108 546 1194 permansit,
569 1110 712 1194 singulas
740 1113 914 1179 claudendo
945 1112 1104 1178 fenestras
1126 1111 1235 1195 ibique
1256 1116 1410 1176 contem·

245 1217 376 1300 plendo‚
398 1215 472 1280 inde
495 1236 558 1280 non
582 1216 689 1282 exieus
712 1218 774 1283 nisi
797 1223 942 1303 tempore
958 1217 1084 1302 prandij
1109 1216 1159 1281 vel
1176 1239 1260 1281 cene.
1300 1213 1412 1280 'lhan-

248 1323 329 1388 situs
356 1321 433 1401 eius,
457 1324 626 1404 postquam
651 1323 733 1388 hanc
753 1323 868 1388 incidit
890 1323 1107 1402 debilitatem,
1133 1321 1199 1386 fuit
1220 1321 1413 1405 frequenter

246 1429 280 1492 in
305 1425 498 1492 monasterio
520 1427 621 1491 sancti
635 1425 803 1509 Dominici‚
826 1430 865 1494 ad
880 1429 1024 1494 ordinem
1049 1428 1134 1492 hunc
1150 1431 1219 1491 toto
1236 1426 1410 1492 conamine

250 1532 354 1599 cordis
376 1531 540 1615 espirevit.
587 1531 692 1598 Etiam
714 1554 832 1614 omnes,
855 1534 910 1619 qui
934 1539 1090 1600 noverunt
1113 1554 1197 1607 eum,
1219 1531 1280 1596 sibi
1303 1530 1411 1595 visee-

251 1659 324 1704 rose
346 1637 635 1720 compatiebantur.
684 1637 759 1704 Vidi
774 1639 887 1704 flentes
902 1644 934 1704 et
950 1637 1104 1703 eiulantes
1127 1637 1286 1719 hospitem
1311 1657 1411 1700 suurn

250 1764 445 1827 uxoremque
468 1742 545 1822 eius,
569 1749 673 1809 totam
698 1743 852 1810 familiam
876 1750 1008 1828 propter
1025 1743 1191 1808 honestem
1215 1741 1283 1805 eius
1307 1741 1412 1806 vitam

250 1871 321 1916 cum
346 1848 491 1928 recessit,
524 1847 604 1913 mihi
636 1849 741 1932 ipsum
774 1871 981 1934 sepenumero
1014 1846 1308 1914 recommendando.
1354 1845 1412 1912 Sic

250 1978 284 2021 ee
308 1976 384 2038 ergo
405 1953 528 2032 habuit,
552 1957 589 2018 ut
610 1953 746 2018 dilectus
769 1955 827 2018 deo
851 1961 882 2018 et
900 1954 1081 2018 hominibus
1105 1953 1167 2018 iuit
1181 1955 1215 2015 et
1230 1973 1316 2016 nunc
1339 1953 1413 2016 eius

252 2060 406 2126 memoris
429 2059 461 2122 in
487 2057 709 2124 benediccione
732 2063 788 2122 est.
836 2057 872 2122 In
905 2057 1138 2142 presentiarum
1159 2077 1290 2120 exerere
1315 2055 1414 2139 plura

253 2189 317 2232 non
350 2167 532 2231 occurrunt.
590 2161 673 2241 Sed,
705 2185 817 2248 queso,
845 2163 1136 2228 recommendatum
1158 2184 1209 2227 me
1230 2161 1412 2245 plurimum
1521 2237 1522 2242 γ

251 2267 422 2359 habe[s]tie
444 2274 477 2334 et
509 2268 666 2352 precipite
688 2289 813 2352 semper
840 2291 878 2334 ac
909 2268 1057 2333 uiandste
1090 2268 1137 2331 uti
1165 2272 1272 2332 vestro
1305 2266 1412 2330 unico.

251 2377 366 2443 Velete
396 2375 543 2440 feliciter.
597 2373 728 2457 Raptim
763 2397 800 2439 ex
832 2373 980 2459 Veueoije
1011 2395 1095 2438 anno
1118 2379 1178 2438 etc.
1211 2374 1292 2438 lxix⁰
1322 2373 1415 2437 xxix*

253 2482 370 2548 mensis
389 2479 464 2564 julij
481 2479 501 2544 ¹.

340 2585 462 2671 Oespar
495 2584 599 2650 Haser
632 2585 814 2668 predicator
846 2593 879 2650 et
915 2585 1096 2668 capellanus
1120 2583 1268 2649 Veneciis
1304 2591 1412 2650 vester

254 2695 368 2777 utique
391 2690 602 2756 indubitatus.

799 2819 821 2860 e

328 2919 428 2988 lVgl.
457 2917 526 2972 tiber
553 2916 695 2972 Johannes
716 2917 832 2974 Schedel
862 2917 933 2973 noch
961 2916 1008 2972 die
1034 2916 1237 2974 bezeichnende
1264 2918 1340 2973 notis
1369 2919 1413 2975 bei

256 3006 450 3062 wattenbach
471 3004 678 3076 [Forschungen
700 3004 746 3075 x1]
766 3004 827 3062 352.
864 3005 918 3058 rur
941 3005 1001 3060 sein
1020 3003 1222 3060 wunderliches
1240 3023 1331 3062 wesen
1350 3006 1413 3062 sind
1520 3045 1521 3056 ,

257 3097 330 3154 euch
349 3095 459 3152 allerlei
487 3093 770 3164 rendbemerhungen
796 3096 825 3148 in
854 3094 917 3150 dem
942 3111 995 3150 von
1019 3093 1078 3148 ihm
1103 3091 1322 3162 geechriebenen
1342 3110 1415 3164 cgnn

258 3188 309 3242 36?
327 3203 360 3238 au
380 3182 527 3246 beechten.
546 3200 576 3239 so
591 3183 609 3236 f.
626 3184 704 3237 152a:
726 3181 797 3236 »Dee
817 3182 962 3238 Mttffelens
981 3182 1020 3236 sel
1039 3199 1092 3252 ρο]
1106 3182 1172 3235 sent
1186 3181 1326 3236 herenaeu
1344 3182 1415 3252 ging

258 3275 327 3344 lang
346 3270 385 3326 im
405 3272 475 3326 haus
493 3269 569 3324 vmb.
600 3269 641 3326 Do
661 3269 770 3324 beswur
788 3270 828 3323 sie
846 3267 890 3323 ein
909 3267 1027 3338 prieeter
1047 3285 1100 3323 von
1119 3269 1185 3321 sant
1196 3268 1360 3329 Lorencaen,
1379 3267 1413 3321 do

258 3363 358 3432 hegert
386 3359 426 3414 eie
444 3358 531 3414 etlich
558 3357 622 3414 mess
641 3357 742 3413 durchs
769 3359 838 3413 Gots
857 3356 960 3412 willen.
996 3354 1037 3411 Do
1066 3355 1112 3411 die
1138 3355 1234 3410 selben
1254 3354 1414 3426 sollpraoht

259 3451 382 3514 wurden,
401 3448 437 3504 do
450 3447 515 3502 sach
530 3463 596 3502 men
610 3447 635 3500 ir
650 3463 763 3515 nymen.
790 3445 906 3500 Factum
919 3445 1002 3500 1⁴64«
1016 3443 1083 3500 oder
1094 3445 1112 3498 f.
1130 3444 1194 3499 158:
1213 3442 1252 3497 »0
1272 3442 1311 3496 dn
1330 3442 1413 3498 lieber

259 3537 354 3600 himel,
373 3536 425 3590 wie
443 3536 519 3606 pisto
539 3535 581 3588 als
602 3535 675 3599 weit
696 3535 765 3604 lang
785 3533 840 3588 end
854 3533 925 3602 gross
940 3531 996 3586 end
1015 3532 1125 3586 echdn«.
1144 3531 1165 3585 f.
1186 3531 1252 3587 189:
1285 3529 1359 3586 »Ubi
1375 3535 1414 3586 est

259 3643 314 3696 pax
334 3623 388 3678 nisi
397 3624 426 3677 in
439 3622 549 3678 celici«
570 3622 646 3677 deun
662 3623 715 3677 mit
728 3621 831 3676 endrer
844 3621 935 3676 feder:
958 3621 1044 3675 »Sunt
1056 3619 1123 3675 ioris
1135 3617 1189 3674 nisi
1204 3619 1303 3675 belle·
1327 3619 1411 3675 Ebou-

261 3713 298 3768 do
317 3716 422 3766 unten:
443 3711 494 3764 »28
512 3710 631 3765 wunden
652 3710 682 3764 in
704 3710 749 3765 ein
768 3726 899 3764 wsmmes
920 3708 975 3762 vnd
994 3725 1024 3762 er
1043 3706 1081 3761 iet
1100 3707 1178 3763 nicht
1195 3711 1277 3762 wunt
1296 3707 1414 3768 worden.

262 3803 314 3856 het
332 3800 377 3855 ein
396 3816 480 3869 eegen
499 3795 579 3854 kunt.
626 3799 658 3853 ln
677 3799 726 3852 dez
755 3795 884 3868 pischoffs
910 3813 964 3851 von
989 3793 1156 3865 Wircapurg
1183 3793 1411 3850 scharmdtceln.‹

262 3890 343 3944 Danu
358 3888 375 3941 f.
390 3889 471 3943 216³:
493 3888 586 3948 »1462
606 3889 649 3950 63,
662 3889 704 3941 64.
741 3885 880 3940 Oestates
894 3883 1021 3948 tristicie,
1035 3901 1083 3940 voe
1094 3881 1252 3938 recessistis.
1291 3883 1331 3937 lli
1345 3901 1413 3938 sum·

261 3995 320 4033 mer
338 3976 397 4032 sein
415 3974 473 4040 hin,
492 3975 624 4032 kummen
643 3972 810 4044 ewiglichen
829 3972 908 4027 nicht
926 3970 1086 4028 horwiden«
1110 3999 1142 4012 -
1160 3971 1193 4025 ln
1212 3970 1276 4026 dem
1296 3970 1413 4026 brieids·

261 4069 323 4120 tum
342 4063 379 4118 ist
399 4063 542 4118 viellsicht
569 4063 633 4133 juni
657 4065 731 4118 stett
751 4061 806 4132 juli
834 4078 866 4116 eu
893 4060 982 4124 lesen,
1013 4059 1051 4114 de
1070 4057 1232 4114 Hertmenn
1251 4058 1412 4116 Schedelin

263 4154 367 4209 eeinem
387 4151 594 4206 heushalender
613 4149 690 4222 [clm.
710 4149 774 4219 533]
793 4149 878 4204 sehon
896 4165 958 4202 rum
975 4150 995 4199 l.
1006 4145 1062 4218 juli
1076 4146 1143 4201 1469
1153 4146 1256 4202 notirt:
1279 4145 1415 4202 »iutmrit

263 4240 317 4296 isto
335 4241 380 4296 die
399 4241 487 4294 frater
507 4257 583 4294 meus
601 4239 743 4294 Johonnes
768 4237 894 4293 ordinem
919 4235 1126 4306 predicatorum
1145 4234 1175 4288 in
1195 4233 1412 4304 Nuremberga·

754 4505 952 4514 ——-—-
