2990 5068
670 423 732 490 173

94 600 214 666 οεὶιιιιι
240 601 398 686 primores
420 599 470 665 die
494 603 653 686 noctuque
676 598 860 664 insudantes
875 598 1002 685 alioque
1025 599 1136 683 turpia
1157 599 1261 665 horri-

93 704 189 772 bilia
203 706 330 786 auditu,
351 709 389 770 ut
404 704 533 785 dicitur,
549 705 603 771 hic
618 709 839 791 prepararent,
862 708 895 769 et
915 704 996 770 nihii
1014 726 1073 789 pro
1088 705 1265 771 infidelium

94 812 280 896 utrimque
312 811 530 895 extirpeoioue
560 811 716 897 egissent,
746 809 824 894 ipsis
852 810 1073 875 recedentibus
1104 810 1172 874 sine
1194 811 1268 888 fine,

94 916 237 981 relictis
259 916 311 982 hio
327 918 476 1001 episcopo
492 915 670 982 Petarieusi
695 917 803 1002 legato
819 915 1071 1002 consiliariisque
1086 915 1268 999 principum

96 1020 328 1104 plurimorum
345 1043 392 1102 es,
408 1042 470 1106 que
494 1021 619 1101 videtis,
644 1044 703 1107 pro
726 1022 838 1101 forms,
861 1027 899 1086 ut
920 1021 1031 1106 ulique
1055 1020 1159 1085 fecere
1180 1020 1267 1085 vide·

96 1131 238 1205 rentur,
257 1133 401 1214 egerunt,
418 1129 588 1196 ridiculum
604 1129 761 1214 pluribus.
807 1125 1005 1202 Quohorsum
1016 1127 1052 1210 (Ξ)
1064 1125 1123 1190 hec
1139 1124 1267 1191 tandem

96 1232 269 1312 tendent,
302 1233 392 1299 norit
419 1234 456 1314 is,
481 1235 538 1319 qui
565 1238 726 1300 scrutator
748 1235 796 1297 est
818 1231 970 1299 cordium.
1019 1229 1161 1296 Peccatis
1183 1230 1267 1295 enim

99 1339 234 1403 nostris
260 1339 463 1424 exigentibus
486 1341 595 1406 divine
617 1339 685 1420 heo,
709 1342 746 1404 ut
768 1339 877 1417 timeo,
907 1338 1032 1421 pererit
1054 1336 1266 1421 providencia⁴

103 1440 214 1508 Fumo
237 1443 293 1509 hie
316 1450 373 1526 est,
398 1445 508 1513 ducem
527 1446 699 1512 Arnestum
718 1445 727 1482 ¹
750 1444 886 1509 intrasse
904 1443 1040 1528 Prsgem
1056 1441 1088 1505 in
1113 1441 1219 1520 finem,
1242 1442 1268 1505 si

103 1548 191 1633 qnid
214 1551 383 1616 concordis
413 1574 471 1637 per
492 1553 597 1637 ipsum
628 1553 697 1617 fieri
727 1550 835 1635 possit.
882 1550 1047 1615 Adventus
1078 1547 1269 1613 marchionis

103 1651 296 1720 Friderici¹
328 1656 366 1722 de
402 1657 514 1723 termis
542 1656 577 1722 in
601 1657 668 1722 dies
692 1656 744 1722 hio
765 1659 972 1740 expectetur,
1004 1658 1083 1739 aput
1106 1677 1209 1739 quem,
1234 1660 1269 1720 ut

104 1761 200 1826 farus
228 1761 324 1842 volet,
351 1761 486 1827 Boemus
509 1763 715 1829 ambasiatom
733 1763 865 1828 hebebit
879 1784 939 1847 pro
963 1762 1045 1826 bons
1068 1763 1174 1825 forsan
1193 1782 1269 1844 poce

105 1866 272 1948 iaciendo,
297 1867 382 1952 quod
405 1876 442 1933 ut
467 1869 568 1949 fieret,
591 1890 700 1934 omnes
722 1871 847 1953 optent.
883 1866 977 1932 Multi
1002 1865 1124 1931 nobiles
1146 1867 1185 1930 de
1208 1866 1269 1950 hijs

107 1972 265 2054 pertibus
288 1973 321 2037 in
346 1973 413 2037 dies
437 1975 470 2038 in
486 1972 641 2038 auxilium
658 1972 849 2040 christicolis
864 1972 994 2051 redunt,
1018 1993 1097 2056 quos
1113 1969 1269 2036 Pilsenses

108 2077 272 2142 suterisnt
286 2075 309 2142 ¹.
360 2075 497 2144 Noviter
529 2079 708 2162 sexingenti
730 2099 821 2144 cruce
843 2078 961 2164 signati
984 2077 1125 2143 volentes
1154 2076 1270 2161 bipczk

108 2183 313 2268 pertransire
337 2185 370 2248 in
393 2184 568 2249 subsidium
592 2183 785 2258 christianis,
818 2185 881 2248 dux
904 2184 1061 2248 Arnestus
1083 2204 1136 2248 eos
1157 2182 1268 2268 prohi-

110 2290 187 2354 buit
215 2288 381 2354 reoludens
405 2289 578 2369 civitatem,
603 2290 715 2355 nolens
737 2275 790 2355 eos
812 2295 923 2354 contre
943 2287 1073 2355 Boemos
1094 2289 1151 2354 ire.
1187 2287 1269 2373 Ipsis

112 2418 203 2478 vero,
227 2396 387 2462 sonorosis
411 2396 630 2462 exultantibus
653 2397 791 2476 vocibus,
814 2395 1016 2479 cupientibus
1042 2416 1100 2478 pro
1123 2394 1184 2459 fide
1207 2394 1267 2458 ibi·

111 2502 188 2568 dem
211 2504 304 2583 mori,
327 2503 456 2568 tandem
476 2503 586 2567 ridens
601 2502 665 2567 dux
688 2501 734 2566 nil
758 2523 848 2585 posse
864 2499 1015 2584 proficere
1039 2521 1091 2564 eos
1114 2497 1267 2566 dimisit⁴.

206 2607 318 2674 Scribo
341 2608 468 2672 domino
484 2607 622 2692 plebano
636 2609 688 2675 sti.
707 2605 808 2674 Ulrioi
820 2605 842 2686 ⁶,
866 2611 903 2672 ut
919 2610 1072 2690 quattuor
1094 2626 1205 2671 eureos
1228 2605 1268 2670 ob

111 2713 289 2780 heredibus
307 2712 491 2798 bouginger
513 2712 574 2776 mei
607 2734 644 2776 ex
667 2716 760 2796 perte
782 2716 899 2796 preest,
923 2731 1001 2796 quos
1025 2710 1114 2775 vobis
1137 2731 1266 2794 presen-

110 2825 186 2885 tare
209 2819 296 2884 velit.
341 2816 497 2902 Quicquid
521 2838 626 2882 secum
650 2817 774 2902 egetis,
801 2819 969 2882 contentus
998 2837 1051 2879 ero
1063 2815 1086 2883 ⁶.
1133 2815 1268 2881 Demum

112 2945 208 3012 rogo,
230 2932 267 2991 ut
290 2947 385 3010 quam
401 2924 465 2990 cito
480 2923 551 3007 pire
574 2921 736 3005 virginum
759 2925 980 2998 maturescent,
996 2919 1076 2985 mihi
1093 2920 1220 2985 mittere
1236 2921 1268 2984 in

110 3052 190 3097 vose
214 3031 325 3115 aliquo
350 3030 466 3108 velitis,
490 3048 644 3114 quocum
668 3026 720 3091 hio
743 3047 805 3092 non
823 3025 1012 3104 habeantur,
1036 3028 1073 3090 ut
1088 3025 1269 3090 fautoribus

115 3137 231 3202 cmicis
257 3136 435 3222 ceterisque
457 3130 698 3218 voluptatibus⁷
724 3132 930 3216 multipharie
958 3131 1053 3210 dedit,
1076 3130 1271 3215 complacere

117 3240 251 3307 sulcem.
291 3239 422 3306 Mittere
445 3240 598 3306 curabitis
607 3237 642 3322 (i)
673 3240 788 3304 obnixe
817 3239 932 3303 iterum
956 3241 1052 3321 utque
1075 3238 1189 3301 iterum
1212 3237 1268 3301 ob-

115 3347 191 3411 nixe
215 3367 304 3431 rogo.

685 3469 702 3506 s

188 3532 205 3611 1'
223 3557 307 3612 Ernst
326 3574 351 3610 v.
371 3555 500 3612 Scchsen.
538 3555 574 3610 Er
602 3555 684 3610 butte
709 3555 761 3612 suf
784 3555 847 3609 dem
871 3553 1030 3622 reichstsgs
1048 3551 1093 3606 idr
1110 3550 1267 3609 Podiebrsd

115 3644 211 3715 putei
227 3660 403 3715 genommem
416 3643 487 3700 doeh
501 3643 607 3714 gingen
620 3660 673 3697 nur
686 3643 842 3698 stchsischc
855 3645 917 3698 ritts
929 3641 1001 3698 ncch
1016 3641 1090 3710 Prsg
1105 3640 1149 3696 ab.
1207 3641 1224 3694 2
1245 3657 1268 3693 ι,

117 3731 331 3801 Brendenbnrg.
384 3731 505 3788 3Pi1sen
519 3733 603 3786 stood
613 3731 666 3786 seit
681 3733 747 3787 1466
760 3732 813 3786 mit
825 3731 889 3786 dem
902 3730 1100 3786 herrenbunde
1114 3745 1204 3800 gegen
1218 3729 1269 3784 Po

115 3819 243 3877 diebrod.
290 3824 308 3874 4
320 3818 434 3874 Scbeint
449 3819 540 3876 bisher
549 3819 722 3875 unbchsnnt
744 3819 807 3888 Vgi.
821 3819 888 3875 uber
897 3818 1022 3886 Palecky
1032 3818 1050 3871 1.
1061 3835 1083 3873 o
1094 3818 1146 3872 474
1156 3815 1213 3871 und
1224 3814 1269 3870 SS.

121 3925 173 3964 rer.
186 3905 312 3962 Silesicc.
326 3907 373 3972 lx,
391 3908 452 3963 260.
538 3911 553 3962 5
572 3905 599 3960 S.
617 3924 643 3963 o.
662 3924 703 3961 nr.
721 3907 764 3960 57.
834 3906 851 3959 6
870 3905 902 3960 In
921 3906 1010 3960 einern
1029 3907 1106 3960 sonet
1124 3903 1270 3959 wertlosen

116 3996 206 4054 brieio
225 3997 290 4052 clm.
308 3998 357 4051 ⁴41
378 3995 398 4050 i.
416 3995 482 4052 217»
500 3993 585 4066 [nsoh
603 3995 653 4050 der
672 3995 798 4064 stellung
815 3993 855 4048 im
874 3993 959 4050 codex
979 3993 1050 4049 noch
1069 4009 1102 4046 nu
1122 3991 1189 4046 1467
1211 3990 1267 4044 und

115 4103 154 4142 on
171 4084 258 4155 liber]
271 4083 359 4139 heisst
371 4101 399 4139 es
412 4102 419 4137 ι
439 4083 540 4139 »Aurei
552 4085 688 4154 quattuor
702 4082 739 4136 sb
751 4081 899 4138 heredibus
912 4083 923 4151 (
925 4119 1055 4136 .......
1067 4081 1092 4148 i)
1109 4077 1270 4148 beuginger

116 4172 222 4230 extorti
240 4172 335 4244 pocius
352 4191 438 4244 quum
457 4175 556 4242 sponte
575 4171 661 4228 soluti
677 4187 728 4242 per
747 4170 908 4241 Jo[snnem]
926 4168 1065 4239 presentis
1084 4165 1268 4221 exhibitorem

118 4261 187 4316 mihi
207 4261 365 4332 prementi
379 4261 463 4326 iners,
482 4261 517 4316 de
529 4260 630 4331 quibos
642 4261 772 4330 ingentes
786 4258 863 4316 vobis
882 4259 972 4313 refero
992 4256 1131 4326 grecias«.
1185 4255 1198 4307 i
1219 4253 1269 4307 Zu-

115 4353 174 4405 erst
194 4349 314 4420 »quibus
334 4349 536 4420 voluptutem«.
556 4349 634 4404 donn
651 4347 873 4404 durchstriohcn.
