3002 5070
769 450 789 512 6

203 625 291 688 curia
314 624 400 688 ducis
424 623 594 702 Ludowici,
619 647 674 708 per
697 625 726 688 d.
752 622 935 688 Michaelem
963 623 1094 689 Riderer
1118 631 1149 690 et
1173 625 1252 691 alios
1276 624 1362 688 mihi

203 729 462 808 benefavente,
489 735 525 794 ut
548 735 669 795 statum
692 729 806 815 phisici
823 733 902 813 aput
923 750 995 793 eum
1018 730 1223 813 susciperem,
1246 735 1279 795 et
1306 753 1360 794 re·

202 857 277 899 vera
299 835 386 899 omni
408 855 477 898 oum
501 835 671 919 diligentia
705 840 784 918 aput
814 857 865 900 me
893 835 1113 900 iustetterunt.
1160 835 1360 900 Promissum

203 939 265 1003 1611
290 938 369 1003 mihi
398 941 561 1004 annuatim
592 941 660 1006 dari
684 942 798 1006 debere
824 939 911 1007 1116ο
934 963 1046 1006 aureos
1078 945 1109 1005 et
1133 941 1258 1006 domum
1284 963 1357 1006 cum

204 1043 262 1108 hoe
285 1044 448 1126 propriam
471 1045 549 1109 satis
573 1045 716 1128 pulcram
740 1046 773 1109 in
791 1044 965 1110 Landshut.
1013 1044 1096 1110 Vere
1114 1067 1236 1110 moram
1254 1045 1361 1110 6666-

203 1149 297 1212 issem
320 1153 351 1213 et
367 1153 493 1216 tentum
509 1151 547 1215 de
562 1149 665 1229 61666,
689 1156 844 1235 quantum
859 1171 919 1235 pro
935 1152 1039 1216 tribus
1054 1151 1230 1216 suffecisset
1253 1153 1357 1236 equis,

204 1257 235 1317 et
258 1257 472 1335 certassem,
503 1257 585 1341 quod
609 1259 636 1321 si
659 1279 798 1322 annuere
821 1258 1011 1335 voluissem,
1035 1258 1074 1323 ad
1101 1257 1165 1322 11⁰
1188 1280 1300 1324 aureos
1326 1259 1361 1322 in

203 1358 320 1423 salario
341 1360 568 1440 ascendissent,
593 1368 625 1428 et
649 1385 851 1448 quamquem,
876 1369 912 1428 ut
935 1364 1035 1429 oculis
1057 1365 1222 1448 perspexi,
1255 1369 1366 1428 status

205 1463 443 1528 honestissimus
465 1466 577 1533 fuisset
600 1473 631 1534 et
652 1491 711 1535 nec
732 1470 837 1534 minus
859 1470 1073 1554 promocionis
1104 1469 1142 1534 ad
1171 1490 1361 1554 quemeum-

206 1589 267 1651 que
290 1573 419 1649 etntum,
444 1568 526 1656 elegi
550 1573 659 1657 pocius
682 1578 800 1638 statum
832 1574 865 1638 in
892 1575 1054 1658 Augusta,
1084 1578 1187 1639 motus
1210 1573 1364 1657 pluribus

205 1673 344 1750 motivis,
372 1695 433 1758 que
449 1697 596 1742 enarrare
613 1678 744 1762 longum
757 1677 850 1742 foret.
889 1677 997 1762 Spero,
1015 1701 1077 1742 uon
1094 1679 1260 1743 minimum
1278 1679 1364 1744 mihi

206 1801 236 1862 p.
259 1800 290 1842 v.
315 1775 436 1843 favebit
458 1785 490 1845 et
513 1803 549 1846 ea
572 1783 650 1847 mihi
675 1805 824 1868 prospere
849 1786 1023 1862 succedere,
1048 1785 1142 1849 sicuti
1167 1788 1248 1850 etr.
1273 1806 1304 1868 p.
1334 1807 1366 1850 v.

204 1886 347 1965 optarem
370 1885 592 1956 evenire..
618 1888 687 1972 (der
710 1892 775 1952 rest
797 1889 982 1968 6666166111.

766 2139 781 2176 r

206 2249 398 2325 Hermann
440 2251 597 2328 Schedel
644 2280 692 2330 66
741 2163 955 2332 1111616666
1004 2257 1168 2334 Schedel.
1239 2259 1371 2354 Auge-

562 2379 658 2475 burg
687 2382 818 2480 [1456]
840 2383 914 2477 juli
944 2383 1004 2455 31.

468 2531 533 2589 clm.
549 2533 601 2587 418
620 2534 639 2591 f.
659 2535 718 2591 259.
756 2537 903 2594 66666611
921 2539 1102 2594 1166166666.

305 2653 561 2740 [1616661636
583 2657 654 2722 fiir
677 2659 750 2724 des
773 2663 961 2726 studium
985 2661 1252 2727 Hartmanus.

294 2790 476 2860 Affeooione
498 2797 620 2862 sincera
643 2801 805 2882 premisse.
853 2801 896 2866 N.
912 2803 1035 2881 dilecte,
1062 2803 1150 2866 binas
1173 2805 1238 2866 ate
1256 2806 1372 2888 recepi

208 2899 333 2964 litteras
355 2898 396 2964 ab
418 2921 454 2964 eo
478 2905 629 2985 tempore,
655 2927 717 2990 quo
735 2905 882 2995 L[ipezh]
907 2910 1100 2974 constitutus
1115 2904 1237 2981 1616111.
1260 2929 1368 2992 super

776 3037 793 3076 *

279 3116 291 3169 1
312 3115 351 3170 Zu
368 3114 462 3172 diesen
476 3117 708 3192 rerhandlungen
720 3115 849 3172 Schedels
868 3117 921 3172 mit
932 3117 1050 3186 Ludwig
1068 3116 1131 3170 dom
1145 3115 1266 3170 Reicheu
1291 3113 1364 3171 sind

209 3200 342 3272 fulgendo
359 3203 376 3257 2
395 3203 544 3260 urkunden
572 3206 740 3278 (mitgeteilt
766 3203 935 3272 Oberbeyer.
961 3203 1063 3258 Archiv
1083 3201 1128 3264 IX,
1148 3201 1211 3270 439)
1239 3221 1272 3256 66
1302 3221 1372 3259 ver-

208 3288 395 3362 3161666666)
417 3293 483 3348 1456
495 3293 565 3349 febr.
578 3296 603 3359 2,
624 3293 776 3350 Laudshut.
798 3291 915 3361 Ludwig
933 3291 959 3343 6.
975 3291 1006 3343 h.
1026 3293 1145 3346 ernennt
1170 3290 1224 3345 den
1246 3290 1372 3348 meister

209 3377 289 3432 Peter
317 3379 480 3450 Metttinger
503 3399 538 3434 66
565 3381 668 3436 seinem
686 3383 756 3435 arat.
793 3377 822 3446 b)
843 3380 909 3434 1456
929 3383 1005 3432 mitra
1024 3379 1048 3443 2,
1068 3376 1214 3432 16666666.
1243 3375 1375 3450 Ludwig

208 3465 310 3520 uimmt
329 3465 381 3520 den
395 3467 507 3523 meister
521 3468 680 3524 flartmsnu
700 3471 784 3536 [musa
797 3465 941 3520 Hermann
963 3464 1079 3536 heissen]
1100 3463 1226 3527 schedel,
1245 3465 1286 3518 dr.
1304 3483 1372 3522 me-

208 3553 332 3618 dicinae,
351 3571 384 3608 66
402 3555 506 3610 seinem
531 3555 626 3612 diener
644 3554 699 3609 und
719 3553 750 3608 in
768 3553 826 3608 sein
853 3552 1002 3622 hofgesind
1022 3553 1079 3606 661.
1099 3584 1133 3592 -
1153 3553 1202 3606 Ein
1223 3552 1373 3610 brieieon-

209 3644 272 3711 cept
291 3639 422 3696 Schedels
448 3660 485 3698 66
504 3643 642 3700 Valentis
663 3643 734 3697 iiber
762 3641 836 3712 [666.
856 3640 945 3694 2241.
964 3643 999 3694 40
1019 3640 1142 3712 6161636]
1172 3641 1281 3695 echeint
1304 3643 1373 3699 sich

209 3727 350 3785 66161666
370 3729 521 3786 66166666
549 3750 582 3785 66
600 3731 740 3786 66616666,
761 3761 793 3769 -
814 3730 845 3782 16
871 3729 1052 3798 Augeburger
1082 3730 1272 3784 ratsdeereten
1297 3729 1372 3788 sind

209 3816 240 3870 T.
253 3817 292 3870 1v
305 3816 325 3871 f.
340 3819 352 3871 l
372 3835 406 3871 66
427 3819 493 3874 1453
512 3817 556 3874 616
577 3817 652 3873 »vier
665 3817 861 3888 geschworneu
875 3819 988 3870 arceat«
1003 3817 1131 3872 erwthnt
1143 3815 1372 3888 (Stadtarohiv).

210 3905 278 3959 Eine
300 3905 427 3960 urkuude
445 3907 490 3958 sur
503 3904 619 3960 Schedel
638 3905 725 3960 selbst
737 3903 845 3958 echeiut
863 3903 942 3958 nicht
957 3904 1127 3960 verbanden.
1148 3935 1180 3944 —-
1203 3906 1232 3958 16
1246 3922 1372 3962 unsercr

210 3989 388 4046 handsehriit
407 3990 427 4044 1.
447 3993 512 4046 240¹>
531 3993 608 4046 steht
642 3991 713 4048 noch
731 3989 777 4046 ein
796 3991 984 4060 brieiooucept
1003 3991 1131 4046 Schedols
1155 4009 1192 4046 66
1212 3995 1292 4046 einen
1315 4013 1375 4050 uu-

210 4081 390 4148 gsuannteu‚
417 4079 446 4132 in
466 4077 528 4134 dem
547 4097 577 4134 er
596 4080 647 4134 661
663 4079 709 4134 616
734 4079 793 4133 ihm
813 4079 900 4133 durch
919 4079 1001 4134 einen
1019 4077 1155 4149 Georgius
1174 4078 1208 4134 66
1227 4079 1373 4136 Walden·

211 4165 263 4222 1616
293 4166 478 4222 dherhrnchte
506 4165 722 4236 sufforderuug,
758 4167 851 4222 seinen
883 4166 1013 4222 frhheren
1044 4167 1237 4238 [Eichstattsr]
1268 4167 1371 4225 dienst

210 4255 295 4310 wider
307 4272 341 4308 66
355 4255 550 4320 6666666666,
569 4254 708 4318 erwidert,
727 4272 757 4312 er
776 4254 858 4310 wolle
878 4254 956 4310 nicht
970 4256 1049 4312 mehr
1067 4256 1096 4310 16
1109 4253 1189 4309 ouria
1202 4253 1371 4325 principum

210 4341 309 4398 dienen
329 4341 387 4397 und
405 4343 482 4397 111616
500 4343 557 4398 sich
576 4343 607 4398 in
627 4343 716 4398 ssiner
733 4343 858 4414 jetaigen
877 4344 1003 4414 stellong
1016 4345 1078 4398 sehr
1091 4343 1249 4414 behagiieh.
1290 4344 1370 4402 »Do-

209 4430 314 4485 minum
335 4433 430 4486 temen
448 4449 540 4488 meum
558 4449 723 4504 generosum
742 4433 792 4488 sub
810 4449 858 4502 spe
877 4433 952 4489 bona
963 4431 1156 4502 relinquatis«.
1241 4433 1257 4486 2
1278 4433 1373 4488 Hart-

211 4535 296 4574 66666
316 4517 384 4576 wird
406 4519 473 4578 1456
494 4520 566 4594 april
586 4521 620 4574 20
639 4519 668 4575 in
688 4519 802 4590 Leipzig
821 4518 1038 4574 immatrikulirt
1057 4537 1076 4573 6.
1086 4519 1278 4576 Wettenbach
1299 4519 1318 4575 i.
1337 4521 1371 4580 6.
