3002 5070
798 420 839 484 58

246 593 374 679 aliquod
399 595 512 681 ingens
536 593 637 658 aeolus
660 593 837 659 admittere.
883 593 1102 658 Nihilominus
1117 615 1176 678 ego
1192 616 1263 658 eum
1288 593 1410 678 diligo,

243 699 313 764 colo
336 721 372 766 ac
394 721 466 764 arno
489 703 621 784 propter
644 721 733 766 snam
756 699 918 784 egregiam
935 698 1142 766 historiarum
1163 699 1315 764 notitiam
1332 721 1408 764 me·

244 826 305 888 qne
327 805 389 869 sibi
412 805 568 890 hyllarem
601 811 699 892 atque
722 804 905 871 benivolum
928 828 1053 890 semper
1076 805 1226 884 exhibeo,
1252 805 1410 890 ,maxime

244 932 315 976 eum
342 911 410 994 ipae
432 932 495 976 non
518 913 620 977 solnm
646 918 678 977 ta
700 918 794 988 amet,
819 911 872 976 sed
889 911 987 976 eciam
1010 917 1065 976 tue
1088 910 1257 994 dignitatis
1279 909 1409 974 landis-

244 1037 305 1099 qno
328 1015 466 1100 diligens
489 1017 705 1101 amplificator
728 1019 854 1083 existat.
871 1055 914 1064 —
933 1016 1043 1082 Frater
1063 1037 1150 1081 mens
1164 1014 1300 1081 Georius
1315 1014 1338 1091 ¹,
1369 1021 1409 1080 ut

246 1121 349 1200 audio,
372 1121 451 1186 satis
475 1120 639 1189 honestam
655 1124 756 1188 vitam
771 1128 868 1208 atque
883 1122 1037 1208 preclaris
1055 1121 1196 1187 moribus
1212 1121 1408 1186 institutam

241 1226 327 1311 agit,
359 1226 435 1292 licet
464 1227 610 1293 nonnulli
644 1227 798 1312 superiori
835 1233 978 1311 tempore
1000 1227 1094 1292 aliter
1116 1226 1155 1292 dc
1177 1245 1214 1290 eo
1237 1247 1409 1291 rumorem

241 1353 391 1417 spargere
418 1333 609 1401 curaverint.
662 1332 766 1399 Tanta
796 1333 939 1418 profecto
971 1333 1032 1398 hoc
1060 1338 1203 1416 tempore
1232 1330 1408 1396 hominum

242 1437 434 1521 peruersitas
459 1445 516 1514 eat,
542 1443 578 1504 ut
600 1441 693 1523 pauci
716 1439 886 1505 admodum
903 1441 1114 1524 reperiantur,
1139 1437 1274 1522 quinon
1296 1437 1407 1502 male-

242 1541 318 1622 voli,
342 1542 454 1623 invidi,
478 1543 623 1610 maledici
639 1545 705 1610 sint
729 1550 761 1609 et
777 1546 823 1610 ita
838 1545 915 1624 sint,
938 1551 975 1610 nt
990 1545 1075 1610 viros
1091 1562 1298 1626 sepenumero
1319 1563 1408 1624 pre-

244 1647 347 1712 claros
369 1652 402 1713 et
426 1650 509 1714 bona
532 1649 633 1716 laudis
657 1655 689 1714 et
711 1649 905 1732 amplissime
921 1648 1015 1728 fama,
1039 1649 1175 1734 deniqne
1191 1649 1223 1712 in
1248 1647 1406 1712 secundis

245 1753 339 1816 rebus
361 1755 555 1820 constitutos
567 1755 794 1834 contaminare,
811 1759 847 1820 ut
863 1755 910 1820 ita
924 1754 1069 1833 dixerim,
1091 1757 1257 1819 conentur.
1297 1749 1407 1816 Mitto

243 1857 302 1922 tibi
326 1880 421 1940 nunc,
444 1881 514 1924 curn
531 1881 589 1944 per
603 1864 793 1925 mercatores
808 1861 974 1946 ymagines
991 1859 1153 1924 naturales
1168 1863 1200 1924 et
1212 1859 1246 1923 in
1262 1857 1406 1943 plumbo

241 1960 427 2044 elaboratas,
451 1964 611 2048 principio
627 1963 762 2030 Guarini
780 1963 981 2043 Veronensis,
1005 1962 1163 2028 Francisci
1180 1961 1318 2038 Philolfi,
1336 1960 1403 2027 Jo-

241 2066 356 2132 hannis
380 2067 497 2135 Patri²
519 2074 741 2154 preceptorum
764 2091 927 2147 meorum,
960 2069 1072 2134 deinde
1095 2066 1177 2133 Julii
1202 2065 1335 2144 (leaenis,
1365 2073 1405 2132 ut

241 2173 357 2254 fertur,
382 2179 527 2258 preterea
550 2175 639 2239 ducis
662 2174 857 2240 Venetorum
887 2173 1042 2257 superiori
1068 2181 1212 2256 tempora
1233 2171 1403 2251 miseram,

239 2279 338 2345 eciam
361 2281 526 2366 ymagines
549 2280 692 2346 omnium
709 2281 807 2345 ferme
830 2281 1013 2364 principum
1023 2278 1132 2344 Ytalie
1147 2279 1185 2343 ad
1203 2283 1245 2358 te,
1270 2283 1306 2342 ut
1320 2299 1399 2342 cum

242 2384 365 2467 pictore
387 2384 510 2470 Mang⁸
539 2387 637 2452 eciam
661 2407 713 2450 aas
735 2387 1002 2465 communicares,
1024 2385 1077 2450 aad
1100 2385 1215 2468 opinor
1236 2389 1269 2449 te
1292 2383 1400 2450 nichil

238 2489 403 2573 accepisse.
452 2490 551 2556 Miror
582 2491 692 2576 itaquo
723 2491 998 2556 vehementissime
1020 2490 1185 2556 hominum
1218 2489 1399 2573 perfidiam.

241 2595 334 2659 Anno
357 2601 463 2660 antem
488 2595 596 2680 elapso
614 2596 801 2679 scripseram
829 2619 924 2662 unam
940 2597 1104 2681 epistolant
1121 2597 1161 2662 ad
1175 2593 1398 2682 m[agistrum]

239 2697 491 2784 Her[mannum]
514 2720 587 2764 curn
610 2701 736 2784 magnis
752 2700 876 2784 vigilijs
892 2701 1093 2765 lucubratam
1104 2699 1125 2770 ⁴,
1150 2701 1189 2764 de
1211 2720 1275 2784 quo
1295 2698 1395 2763 eciam

237 2827 411 2889 numquam
428 2805 525 2870 habui
545 2827 739 2888 responsum.
788 2805 953 2872 Ediderarn
974 2807 1104 2890 insuper
1126 2827 1222 2869 unam
1244 2803 1397 2870 araciun-

237 2909 350 2988 culam,
374 2909 406 2974 in
430 2911 590 2997 principio
612 2912 686 2977 dum
711 2913 740 2978 d.
769 2911 941 2977 Wilhclmo
964 2912 1002 2977 dc
1028 2910 1208 2976 Reiohenau
1225 2908 1392 2976 Valerium

238 3015 414 3079 Maximam
450 3015 556 3098 legere
590 3017 814 3102 inceperam⁶,
848 3039 943 3102 quam
967 3015 1027 3082 tibi
1050 3017 1306 3096 transmiseram,
1341 3019 1397 3081 sed

238 3120 362 3185 nullum
387 3143 536 3206 umquam
560 3143 746 3206 responsum
769 3145 789 3187 a
813 3129 846 3188 tc
867 3124 993 3205 accepi,
1018 3126 1127 3187 utrnm
1150 3143 1219 3186 cam
1242 3121 1397 3186 habueris

236 3248 277 3290 an
301 3247 373 3291 non.
421 3226 503 3304 Quid
528 3229 653 3293 multa?
692 3227 791 3293 'Pedio
814 3227 936 3294 afficior
959 3227 1114 3306 maximo,
1149 3230 1319 3310 postquam
1343 3229 1394 3291 in·

237 3331 360 3416 talligo,
386 3330 425 3418 [f.
451 3331 546 3418 326Ἷ
574 3333 727 3399 honarum
750 3355 856 3398 rerum
879 3331 925 3397 nil
954 3333 993 3398 ad
1017 3338 1051 3398 te
1072 3332 1260 3417 pervenisse.
1281 3371 1321 3380 -
1339 3333 1393 3398 In·

236 3435 389 3501 voctivam
414 3437 533 3501 domini
558 3435 694 3501 Conradi
710 3435 819 3504 Soldcr
839 3437 979 3522 undique
994 3439 1230 3504 accuratissime
1255 3439 1392 3524 perlegi,

239 3540 271 3605 in
295 3563 359 3626 qna
384 3562 503 3621 revera,
527 3542 604 3607 lieet
619 3563 682 3608 non
707 3542 749 3607 sit
772 3544 914 3609 oratorio
929 3543 1006 3609 stilo
1022 3543 1117 3623 edita,
1144 3543 1246 3609 multa
1262 3546 1394 3630 egregia

804 3707 821 3744 *

311 3815 322 3866 l
345 3811 380 3865 Es
401 3810 439 3866 ist
457 3812 505 3868 der
525 3813 620 3882 sptter
638 3813 681 3868 als
704 3817 751 3868 rat
764 3811 955 3868 Maximillam
974 3813 1107 3870 berthmt
1125 3814 1291 3885 geuardena
1303 3813 1394 3870 dritte

235 3901 303 3957 sohn
323 3899 371 3956 dea
395 3899 641 3970 btrgsrmeiatera;
661 3901 719 3972 egl.
740 3901 808 3958 tiber
831 3901 881 3956 ihn
904 3904 989 3956 anton
1003 3919 1044 3956 nr.
1060 3904 1103 3958 64.
1141 3904 1184 3956 An
1197 3901 1246 3956 ihn
1266 3901 1306 3956 ist
1319 3903 1392 3960 wohl

235 3989 306 4044 auch
325 3987 369 4043 die
387 3987 452 4042 rede
471 3987 581 4043 Ulrichs
606 3989 745 4044 sibenden
764 3989 867 4044 Terent
894 3989 933 4060 [iu
957 4007 1066 4046 unserm
1081 3990 1165 4046 codex
1179 3989 1202 4044 f.
1213 3991 1265 4044 26?
1283 3990 1324 4062 a]
1344 4007 1391 4060 ge·

236 4075 347 4131 richtet
433 4076 449 4130 2
468 4075 610 4132 lohannes
624 4076 723 4132 Petrus
740 4077 866 4132 Lucensis
889 4082 906 4144 †
931 4079 1005 4143 1⁴57,
1024 4095 1046 4132 a.
1066 4077 1324 4144 Fabricius-Manat,
1346 4079 1390 4134 Bi·

235 4163 377 4220 bliotheca
396 4163 504 4218 mediae
522 4167 550 4218 ct
568 4164 682 4220 infimae
700 4165 854 4220 latinitatis
868 4165 916 4232 lv,
935 4167 995 4222 399.
1049 4168 1066 4222 3
1084 4165 1217 4222 Genannt
1236 4165 1267 4220 in
1283 4165 1395 4222 Franks

236 4251 365 4305 Annalen
385 4250 549 4319 [Steicheles
568 4251 671 4305 Archiv
692 4252 732 4316 ΙΙ,
760 4253 803 4320 92]
823 4270 856 4306 an
879 4254 957 4316 1455,
977 4271 1019 4309 no
1037 4269 1067 4308 cr
1086 4254 1130 4307 lsrr
1150 4254 1190 4308 st.
1210 4251 1309 4308 Ulrich
1328 4256 1393 4310 tha·

235 4337 278 4407 tig
295 4337 340 4394 ist.
380 4337 441 4408 Vgl.
461 4335 530 4392 Rab.
554 4337 674 4402 vianna,
694 4339 811 4395 Studien
830 4358 853 4396 a.
867 4339 1050 4411 Konstgesch.
1069 4341 1138 4397 489:
1159 4341 1292 4397 »maister
1305 4359 1395 4414 maog

235 4424 431 4492 schnellaweg‚
451 4423 500 4478 ain
519 4425 615 4488 mater,
634 4441 762 4494 gesasaen
781 4444 827 4482 am
846 4427 998 4498 eisanberg,
1017 4428 1065 4482 ain
1084 4429 1219 4484 antliam
1274 4431 1292 4484 4
1311 4429 1389 4486 Oben

235 4529 278 4566 nr.
299 4512 339 4567 12.
412 4515 427 4566 5
447 4509 527 4564 Stoht
546 4511 575 4565 in
595 4529 705 4567 nnaarm
725 4513 808 4569 codex
829 4515 847 4570 f.
866 4513 996 4571 261-66.
1036 4515 1098 4585 Vgl.
1119 4519 1207 4572 natan
1227 4519 1315 4574 nr.35
