3002 5070
604 409 645 475 73

74 579 185 640 tamen
210 574 356 642 ulteriori
380 577 542 663 inquirere
565 599 628 644 nou
652 576 810 642 desistam.
857 577 1080 663 Reliquorum
1103 576 1231 644 domiuo

72 677 227 746 Heinrico
249 681 287 746 de
306 680 482 762 linerent,
499 687 536 748 ut
560 683 715 760 voluistis,
740 681 897 749 sollicitus
914 682 1080 768 explorare
1103 683 1231 749 curabo.

72 783 111 848 Et
147 807 190 849 ne
223 784 431 852 ulterioribus
463 809 519 853 ros
547 787 739 866 obtundam,
773 787 972 871 presentibus
1005 789 1100 853 finem
1126 787 1231 854 fecere

71 890 247 971 constitui,
275 891 351 956 dum
375 913 430 958 vos
452 892 483 958 id
508 915 608 958 unum
631 893 722 977 prius
744 912 959 971 ammonere,
985 890 1135 980 [u]nllam
1159 915 1229 958 um·

71 1017 169 1078 quam
192 999 256 1060 tum
280 1017 346 1060 rem
370 996 501 1062 arduam
524 997 700 1082 excogitari
724 1017 835 1080 posse,
862 1019 955 1082 quam
987 1017 1051 1062 non
1073 995 1227 1084 fnoile[ml

71 1105 222 1184 reputare
244 1100 350 1181 velim,
374 1123 445 1168 cum
462 1125 531 1168 eam
548 1107 674 1188 gratam
690 1103 781 1170 robis
793 1106 1018 1189 acceptumque
1039 1123 1227 1190 cognovero.

73 1207 180 1290 Atque
204 1205 309 1272 valere
341 1229 454 1293 meque
483 1209 573 1274 robis
604 1230 662 1293 pro
684 1209 913 1275 consuetudine
937 1208 1230 1274 recommendatum

72 1309 189 1376 hebere
211 1309 317 1376 velitis
333 1316 364 1376 et
380 1313 478 1378 valeo.
515 1311 561 1378 ldx
577 1311 724 1398 Wyenna
740 1313 873 1378 sabbato
890 1319 965 1398 post
981 1313 1132 1379 Georium
1151 1311 1231 1378 LX0.

157 1413 376 1503 V[aleutiuns]
403 1413 514 1505 uber]
545 1417 731 1484 licenciatus
763 1422 797 1484 et
827 1417 1091 1503 prothonotarius
1118 1418 1231 1503 Augu·

73 1521 195 1588 stensis.

545 1705 753 1714 -.———.--

621 1830 683 1904 33.

75 1956 266 2032 Hermann
296 1957 448 2034 Schcdel
478 1983 525 2034 en
557 1961 664 2035 einen
694 1961 972 2036 unbekannten.
1025 1962 1227 2058 Augsburg

506 2083 603 2157 1460
628 2086 704 2157 mai
736 2085 792 2158 13.

374 2240 439 2296 clm.
458 2239 511 2294 224
528 2239 547 2298 f.
565 2241 618 2296 220
638 2241 758 2311 eiulage.
796 2242 924 2314 Concept.

78 2361 406 2449 llrmnbuuugen
446 2388 519 2431 zur
553 2365 875 2451 frdmmigkeit.
933 2366 1232 2432 Nachriebten

77 2489 163 2533 vom
186 2469 616 2557 kriegsschuuplata.
667 2471 787 2537 Ritte
811 2493 868 2536 um
894 2471 1231 2539 bandscbriften.

163 2609 213 2676 lle
234 2611 397 2695 integrum
420 2632 546 2695 semper
562 2613 652 2676 habe.
702 2613 930 2678 Amantissime
951 2612 1062 2678 frater.
1110 2609 1233 2676 Liberos

79 2715 263 2780 amicissime
286 2717 401 2781 mentis
425 2724 480 2784 tue
502 2719 702 2784 devociouem
724 2719 765 2782 ob
801 2718 1009 2784 inhumanam
1033 2739 1138 2782 rerum
1161 2739 1231 2781 mu·

80 2819 270 2886 labilitatem
300 2821 476 2888 indicentes
507 2823 725 2907 superioribus
759 2822 868 2888 diebus
901 2823 1026 2907 occepi,
1058 2819 1232 2906 exquibus

80 2923 161 2988 clere
182 2927 350 3010 conspicio,
373 2929 523 3012 spiritum
547 2933 722 2994 torrentem
747 2929 779 2993 in
802 2949 892 2993 sacro
915 2928 978 2992 iam
1002 2927 1125 2992 refluxu
1148 2932 1231 2992 tem·

81 3049 155 3112 pore
176 3031 207 3095 iu
230 3035 262 3096 te
277 3031 374 3098 luisse
385 3055 562 3112 accensum,
594 3054 655 3117 qne
671 3034 860 3098 documenta
882 3032 961 3097 satis
977 3031 1132 3096 saluteris
1149 3032 1231 3097 idem

82 3137 113 3198 in
136 3139 165 3199 tc
186 3138 325 3202 evomuit
347 3138 491 3223 spiritus,
514 3161 571 3222 per
595 3159 689 3223 quem
713 3159 763 3202 me
786 3158 823 3201 ac
845 3141 986 3215 ceteros,
1009 3135 1153 3201 dominos
1176 3136 1230 3199 de·

84 3259 187 3305 cunum
212 3243 363 3309 videlicet
386 3250 418 3309 et
434 3244 595 3308 custodem
615 3243 635 3322 ¹,
659 3242 698 3308 ad
715 3241 812 3307 celica
827 3242 968 3326 aspirare
992 3241 1125 3306 coneris.
1169 3237 1231 3304 Vc·

88 3366 162 3425 reor,
186 3371 224 3414 ne
246 3350 342 3415 menti
367 3351 465 3429 veuit,
488 3350 534 3414 ita
550 3349 667 3433 raptim
684 3347 866 3428 evolaverit,
895 3369 952 3412 nec
968 3347 1106 3412 eiusdem
1131 3346 1232 3430 inspi-

85 3453 139 3516 rati
173 3455 306 3538 spiritus
339 3455 492 3521 hactenus
522 3455 555 3519 in
591 3457 623 3518 te
657 3453 853 3518 remansisse.
901 3451 1056 3538 Equidem
1081 3457 1168 3516 tuam
1192 3451 1232 3516 ab

86 3555 149 3640 elijs
170 3563 387 3643 perscrutatus
416 3582 486 3626 sum
510 3561 630 3639 vitam,
670 3581 766 3644 quam
799 3558 944 3643 plerique
971 3580 1028 3642 per
1050 3557 1147 3642 longa
1169 3557 1232 3621 iam

86 3665 253 3746 temporum
278 3667 436 3733 curriculo
458 3669 587 3744 norunt,
611 3665 665 3749 qui
689 3665 784 3749 longe
800 3685 819 3728 a
833 3667 866 3728 te
889 3663 1096 3742 disseneiunt,
1119 3666 1153 3726 et
1168 3661 1229 3726 nisi

87 3787 129 3831 me
154 3771 328 3857 singularis
359 3777 499 3837 moveret
531 3770 763 3856 intelligendu,
795 3769 894 3834 eciam
928 3776 1043 3854 sponte
1067 3791 1231 3854 negarem.

89 3869 233 3942 Hubunde
256 3882 288 3942 et
311 3877 414 3942 libens
439 3878 517 3943 meis
538 3875 798 3962 persuasionibus
815 3876 854 3939 ad
877 3896 945 3939 cem
970 3879 1001 3939 te
1025 3879 1149 3958 partem
1174 3873 1229 3938 de-

90 3975 245 4061 flecterem,
268 3987 305 4047 ut
328 3989 361 4048 et
384 3982 574 4069 quandoque
596 3983 635 4046 de
658 3982 764 4046 anima
788 3986 843 4046 tue
866 3984 900 4047 et
923 3983 989 4046 eius
1015 3980 1118 4046 salute
1141 3980 1229 4064 cogi·

90 4085 172 4166 tures,
195 4092 230 4152 ut
253 4093 286 4152 et
309 4089 428 4175 a‘jugo
451 4089 614 4154 servitutis
630 4087 778 4166 humane,
802 4087 992 4170 servituti(s)
1009 4091 1113 4150 status
1137 4085 1232 4150 cleri·

90 4189 155 4254 calis
175 4194 344 4272 contrusis,
369 4199 401 4258 te
424 4194 558 4259 evellere
574 4213 690 4278 posses,
714 4197 814 4278 utque
836 4193 894 4258 deo
909 4192 1051 4257 omnium
1075 4192 1231 4257 bonorum

93 4291 223 4382 largitori
249 4301 373 4384 gracias
394 4299 592 4365 humillimas
617 4299 808 4365 refunderes.

646 4405 663 4442 a

153 4491 163 4542 l
186 4491 277 4546 Gesrsl
299 4489 356 4546 ond
377 4489 500 4546 Kuutsoh
519 4509 540 4546 a.
559 4490 630 4545 oben
650 4507 691 4546 ur.
714 4491 753 4548 lo.
