<?xml version="1.0" encoding="UTF-8"?>
<!DOCTYPE html PUBLIC "-//W3C//DTD XHTML 1.0 Transitional//EN"
    "http://www.w3.org/TR/xhtml1/DTD/xhtml1-transitional.dtd">
<html xmlns="http://www.w3.org/1999/xhtml" xml:lang="en" lang="en">
 <head>
  <title>
</title>
<meta http-equiv="Content-Type" content="text/html;charset=utf-8" />
  <meta name='ocr-system' content='tesseract 3.04.00' />
  <meta name='ocr-capabilities' content='ocr_page ocr_carea ocr_par ocr_line ocrx_word'/>
</head>
<body>
  <div class='ocr_page' id='page_1' title='image "./hermannschedels00schegoog_0063.png"; bbox 0 0 3002 5070; ppageno 0'>
   <div class='ocr_carea' id='block_1_1' title="bbox 638 423 680 488">
    <p class='ocr_par' dir='ltr' id='par_1_1' title="bbox 638 423 680 488">
     <span class='ocr_line' id='line_1_1' title="bbox 638 423 680 488; baseline -0.024 0"><span class='ocrx_word' id='word_1_1' title='bbox 638 423 680 488; x_wconf 84' lang='grc'><strong>47</strong></span> 
     </span>
    </p>
   </div>
   <div class='ocr_carea' id='block_1_2' title="bbox 73 591 1238 1000">
    <p class='ocr_par' dir='ltr' id='par_1_2' title="bbox 73 591 1238 1000">
     <span class='ocr_line' id='line_1_2' title="bbox 74 591 1238 688; baseline 0.012 -33"><span class='ocrx_word' id='word_1_2' title='bbox 74 591 185 658; x_wconf 78' lang='lat' dir='ltr'><strong>Nemo</strong></span> <span class='ocrx_word' id='word_1_3' title='bbox 218 594 300 658; x_wconf 88' lang='lat' dir='ltr'><strong>enim</strong></span> <span class='ocrx_word' id='word_1_4' title='bbox 332 599 390 673; x_wconf 81' lang='lat' dir='ltr'><strong>est,</strong></span> <span class='ocrx_word' id='word_1_5' title='bbox 421 597 475 681; x_wconf 89' lang='lat' dir='ltr'><strong>qni</strong></span> <span class='ocrx_word' id='word_1_6' title='bbox 504 597 563 661; x_wconf 90' lang='lat' dir='ltr'><strong>tibi</strong></span> <span class='ocrx_word' id='word_1_7' title='bbox 587 598 761 682; x_wconf 85' lang='lat' dir='ltr'><strong>sapientius</strong></span> <span class='ocrx_word' id='word_1_8' title='bbox 782 601 913 666; x_wconf 71' lang='lat' dir='ltr'><strong>siradere</strong></span> <span class='ocrx_word' id='word_1_9' title='bbox 940 602 973 664; x_wconf 93' lang='lat' dir='ltr'><strong>in</strong></span> <span class='ocrx_word' id='word_1_10' title='bbox 996 602 1061 688; x_wconf 91' lang='lat' dir='ltr'><strong>hijs</strong></span> <span class='ocrx_word' id='word_1_11' title='bbox 1084 605 1184 686; x_wconf 88' lang='lat' dir='ltr'><strong>possit</strong></span> <span class='ocrx_word' id='word_1_12' title='bbox 1206 610 1238 670; x_wconf 88' lang='lat' dir='ltr'><strong>te</strong></span> 
     </span>
     <span class='ocr_line' id='line_1_3' title="bbox 76 698 1235 791; baseline 0.009 -28"><span class='ocrx_word' id='word_1_13' title='bbox 76 699 160 782; x_wconf 85' lang='lat' dir='ltr'><strong>ipso.</strong></span> <span class='ocrx_word' id='word_1_14' title='bbox 211 698 364 766; x_wconf 88' lang='lat' dir='ltr'><strong>incumbe</strong></span> <span class='ocrx_word' id='word_1_15' title='bbox 387 723 464 786; x_wconf 80' lang='lat' dir='ltr'><strong>ergo</strong></span> <span class='ocrx_word' id='word_1_16' title='bbox 485 707 583 789; x_wconf 88' lang='lat' dir='ltr'><strong>atque</strong></span> <span class='ocrx_word' id='word_1_17' title='bbox 605 704 738 789; x_wconf 83' lang='lat' dir='ltr'><strong>invigila</strong></span> <span class='ocrx_word' id='word_1_18' title='bbox 768 707 873 772; x_wconf 89' lang='lat' dir='ltr'><strong>studio</strong></span> <span class='ocrx_word' id='word_1_19' title='bbox 903 707 948 771; x_wconf 87' lang='lat' dir='ltr'><strong>rei</strong></span> <span class='ocrx_word' id='word_1_20' title='bbox 972 709 1099 791; x_wconf 89' lang='lat' dir='ltr'><strong>publice</strong></span> <span class='ocrx_word' id='word_1_21' title='bbox 1121 713 1154 772; x_wconf 91' lang='lat' dir='ltr'><strong>et</strong></span> <span class='ocrx_word' id='word_1_22' title='bbox 1176 711 1235 774; x_wconf 85' lang='lat' dir='ltr'><strong>eis-</strong></span> 
     </span>
     <span class='ocr_line' id='line_1_4' title="bbox 73 804 1236 899; baseline 0.012 -33"><span class='ocrx_word' id='word_1_23' title='bbox 73 804 149 868; x_wconf 84' lang='lat' dir='ltr'><strong>dem</strong></span> <span class='ocrx_word' id='word_1_24' title='bbox 176 805 270 870; x_wconf 87' lang='lat' dir='ltr'><strong>malis</strong></span> <span class='ocrx_word' id='word_1_25' title='bbox 300 807 542 874; x_wconf 72' lang='lat' dir='ltr'><strong>imminentibus</strong></span> <span class='ocrx_word' id='word_1_26' title='bbox 564 809 693 875; x_wconf 87' lang='lat' dir='ltr'><strong>obviare</strong></span> <span class='ocrx_word' id='word_1_27' title='bbox 719 832 883 894; x_wconf 76' lang='lat' dir='ltr'><strong>procures,</strong></span> <span class='ocrx_word' id='word_1_28' title='bbox 910 833 968 896; x_wconf 87' lang='lat' dir='ltr'><strong>per</strong></span> <span class='ocrx_word' id='word_1_29' title='bbox 992 815 1075 899; x_wconf 90' lang='lat' dir='ltr'><strong>qnod</strong></span> <span class='ocrx_word' id='word_1_30' title='bbox 1097 816 1134 879; x_wconf 87' lang='lat' dir='ltr'><strong>ad</strong></span> <span class='ocrx_word' id='word_1_31' title='bbox 1150 837 1236 880; x_wconf 91' lang='lat' dir='ltr'><strong>sum·</strong></span> 
     </span>
     <span class='ocr_line' id='line_1_5' title="bbox 76 910 905 1000; baseline 0.011 -27"><span class='ocrx_word' id='word_1_32' title='bbox 76 932 166 974; x_wconf 84' lang='lat' dir='ltr'><strong>mam</strong></span> <span class='ocrx_word' id='word_1_33' title='bbox 185 910 310 976; x_wconf 88' lang='lat' dir='ltr'><strong>landam</strong></span> <span class='ocrx_word' id='word_1_34' title='bbox 328 917 362 978; x_wconf 88' lang='lat' dir='ltr'><strong>et</strong></span> <span class='ocrx_word' id='word_1_35' title='bbox 377 913 511 999; x_wconf 82' lang='lat' dir='ltr'><strong>gloriam</strong></span> <span class='ocrx_word' id='word_1_36' title='bbox 529 916 695 998; x_wconf 86' lang='lat' dir='ltr'><strong>pervenire</strong></span> <span class='ocrx_word' id='word_1_37' title='bbox 710 917 830 1000; x_wconf 89' lang='lat' dir='ltr'><strong>poteris</strong></span> <span class='ocrx_word' id='word_1_38' title='bbox 847 968 854 981; x_wconf 92' lang='lat'><strong><em>.</em></strong></span> <span class='ocrx_word' id='word_1_39' title='bbox 873 967 880 981; x_wconf 92' lang='lat'><strong>.</strong></span> <span class='ocrx_word' id='word_1_40' title='bbox 898 967 905 982; x_wconf 89' lang='lat'><strong>.</strong></span> 
     </span>
    </p>
   </div>
   <div class='ocr_carea' id='block_1_3' title="bbox 170 1013 719 1106">
    <p class='ocr_par' dir='ltr' id='par_1_3' title="bbox 170 1013 719 1106">
     <span class='ocr_line' id='line_1_6' title="bbox 170 1013 719 1106; baseline 0.015 -28"><span class='ocrx_word' id='word_1_41' title='bbox 170 1013 270 1100; x_wconf 87' lang='lat' dir='ltr'><strong>[Hier</strong></span> <span class='ocrx_word' id='word_1_42' title='bbox 292 1017 399 1084; x_wconf 88' lang='lat' dir='ltr'><strong>bricht</strong></span> <span class='ocrx_word' id='word_1_43' title='bbox 422 1020 476 1084; x_wconf 84' lang='lat' dir='ltr'><strong>das</strong></span> <span class='ocrx_word' id='word_1_44' title='bbox 499 1025 632 1105; x_wconf 84' lang='lat' dir='ltr'><strong>concept</strong></span> <span class='ocrx_word' id='word_1_45' title='bbox 654 1021 719 1106; x_wconf 77' lang='lat' dir='ltr'><strong>abl.</strong></span> 
     </span>
    </p>
   </div>
   <div class='ocr_carea' id='block_1_4' title="bbox 626 1471 686 1541">
    <p class='ocr_par' dir='ltr' id='par_1_4' title="bbox 626 1471 686 1541">
     <span class='ocr_line' id='line_1_7' title="bbox 626 1471 686 1541; baseline 0.017 -1"><span class='ocrx_word' id='word_1_46' title='bbox 626 1471 686 1541; x_wconf 83' lang='lat'><strong>20.</strong></span> 
     </span>
    </p>
   </div>
   <div class='ocr_carea' id='block_1_5' title="bbox 81 1640 1232 2004">
    <p class='ocr_par' dir='ltr' id='par_1_5' title="bbox 81 1640 1232 2004">
     <span class='ocr_line' id='line_1_8' title="bbox 81 1640 1232 1736; baseline 0 -21"><span class='ocrx_word' id='word_1_47' title='bbox 81 1643 267 1718; x_wconf 85' lang='lat' dir='ltr'><strong>Valentio</strong></span> <span class='ocrx_word' id='word_1_48' title='bbox 283 1643 379 1717; x_wconf 72' lang='lat' dir='ltr'><strong>liber</strong></span> <span class='ocrx_word' id='word_1_49' title='bbox 406 1667 454 1716; x_wconf 85' lang='lat' dir='ltr'><strong>an</strong></span> <span class='ocrx_word' id='word_1_50' title='bbox 483 1641 696 1736; x_wconf 79' lang='lat' dir='ltr'><strong>Sigismund</strong></span> <span class='ocrx_word' id='word_1_51' title='bbox 712 1640 965 1716; x_wconf 83' lang='lat' dir='ltr'><strong>Gossembrot.</strong></span> <span class='ocrx_word' id='word_1_52' title='bbox 1011 1642 1116 1718; x_wconf 86' lang='lat' dir='ltr'><strong>Wien</strong></span> <span class='ocrx_word' id='word_1_53' title='bbox 1138 1645 1232 1718; x_wconf 75' lang='lat'>1459</span> 
     </span>
     <span class='ocr_line' id='line_1_9' title="bbox 554 1762 750 1857; baseline 0.01 -22"><span class='ocrx_word' id='word_1_54' title='bbox 554 1764 624 1857; x_wconf 84' lang='lat' dir='ltr'><strong>juli</strong></span> <span class='ocrx_word' id='word_1_55' title='bbox 655 1764 702 1837; x_wconf 85' lang='lat'><strong>22</strong></span> <span class='ocrx_word' id='word_1_56' title='bbox 728 1762 750 1837; x_wconf 85' lang='lat'><strong>¹.</strong></span> 
     </span>
     <span class='ocr_line' id='line_1_10' title="bbox 269 1947 1042 2004; baseline -0.004 0"><span class='ocrx_word' id='word_1_57' title='bbox 269 1949 333 2004; x_wconf 89' lang='lat' dir='ltr'><strong>clm.</strong></span> <span class='ocrx_word' id='word_1_58' title='bbox 353 1950 403 2002; x_wconf 82' lang='lat'><strong>504</strong></span> <span class='ocrx_word' id='word_1_59' title='bbox 422 1949 442 2001; x_wconf 84' lang='lat' dir='ltr'><strong>f.</strong></span> <span class='ocrx_word' id='word_1_60' title='bbox 461 1947 533 2004; x_wconf 64' lang='lat'>39822.</span> <span class='ocrx_word' id='word_1_61' title='bbox 566 1947 708 2002; x_wconf 79' lang='lat' dir='ltr'><strong>Absobriit</strong></span> <span class='ocrx_word' id='word_1_62' title='bbox 728 1947 888 2002; x_wconf 81' lang='lat' dir='ltr'><strong>Hartmann</strong></span> <span class='ocrx_word' id='word_1_63' title='bbox 906 1947 1042 2002; x_wconf 85' lang='lat' dir='ltr'><strong>Sebedels.</strong></span> 
     </span>
    </p>
   </div>
   <div class='ocr_carea' id='block_1_6' title="bbox 77 2088 1234 2278">
    <p class='ocr_par' dir='ltr' id='par_1_6' title="bbox 77 2088 1234 2278">
     <span class='ocr_line' id='line_1_11' title="bbox 77 2088 1234 2174; baseline 0 -20"><span class='ocrx_word' id='word_1_64' title='bbox 77 2091 389 2156; x_wconf 81' lang='lat' dir='ltr'><strong>Nacbricbten</strong></span> <span class='ocrx_word' id='word_1_65' title='bbox 422 2092 522 2155; x_wconf 80' lang='lat' dir='ltr'><strong>iiber</strong></span> <span class='ocrx_word' id='word_1_66' title='bbox 553 2088 804 2174; x_wconf 89' lang='lat' dir='ltr'><strong>politische</strong></span> <span class='ocrx_word' id='word_1_67' title='bbox 837 2089 912 2154; x_wconf 75' lang='lat' dir='ltr'><strong>vind</strong></span> <span class='ocrx_word' id='word_1_68' title='bbox 949 2091 1234 2173; x_wconf 83' lang='lat' dir='ltr'><strong>persbnlicbe</strong></span> 
     </span>
     <span class='ocr_line' id='line_1_12' title="bbox 204 2193 1114 2278; baseline 0.004 -23"><span class='ocrx_word' id='word_1_69' title='bbox 204 2195 503 2260; x_wconf 70' lang='lat' dir='ltr'><strong>verhiltnisse.</strong></span> <span class='ocrx_word' id='word_1_70' title='bbox 550 2193 763 2277; x_wconf 85' lang='lat' dir='ltr'><strong>Mahnung</strong></span> <span class='ocrx_word' id='word_1_71' title='bbox 794 2214 868 2256; x_wconf 86' lang='lat' dir='ltr'><strong>nur</strong></span> <span class='ocrx_word' id='word_1_72' title='bbox 890 2193 1114 2278; x_wconf 83' lang='lat' dir='ltr'><strong>oinigkeit.</strong></span> 
     </span>
    </p>
   </div>
   <div class='ocr_carea' id='block_1_7' title="bbox 74 2363 1234 4024">
    <p class='ocr_par' dir='ltr' id='par_1_7' title="bbox 74 2363 1234 4024">
     <span class='ocr_line' id='line_1_13' title="bbox 166 2363 1234 2448; baseline -0.002 -19"><span class='ocrx_word' id='word_1_73' title='bbox 166 2363 224 2430; x_wconf 81' lang='lat' dir='ltr'><strong>Sui</strong></span> <span class='ocrx_word' id='word_1_74' title='bbox 259 2365 358 2448; x_wconf 87' lang='lat' dir='ltr'><strong>ipsius</strong></span> <span class='ocrx_word' id='word_1_75' title='bbox 388 2364 697 2430; x_wconf 69' lang='lat' dir='ltr'><strong>recommendatione</strong></span> <span class='ocrx_word' id='word_1_76' title='bbox 731 2363 885 2448; x_wconf 79' lang='lat' dir='ltr'><strong>premisse</strong></span> <span class='ocrx_word' id='word_1_77' title='bbox 916 2365 989 2444; x_wconf 88' lang='lat' dir='ltr'><strong>post</strong></span> <span class='ocrx_word' id='word_1_78' title='bbox 1012 2363 1121 2448; x_wconf 90' lang='lat' dir='ltr'><strong>quevis</strong></span> <span class='ocrx_word' id='word_1_79' title='bbox 1143 2363 1234 2427; x_wconf 91' lang='lat' dir='ltr'><strong>obsc-</strong></span> 
     </span>
     <span class='ocr_line' id='line_1_14' title="bbox 77 2465 1233 2556; baseline -0.002 -22"><span class='ocrx_word' id='word_1_80' title='bbox 77 2470 201 2556; x_wconf 88' lang='lat' dir='ltr'><strong>quendi</strong></span> <span class='ocrx_word' id='word_1_81' title='bbox 225 2474 300 2534; x_wconf 88' lang='lat' dir='ltr'><strong>vota</strong></span> <span class='ocrx_word' id='word_1_82' title='bbox 321 2469 456 2534; x_wconf 85' lang='lat' dir='ltr'><strong>salutem</strong></span> <span class='ocrx_word' id='word_1_83' title='bbox 480 2469 650 2554; x_wconf 87' lang='lat' dir='ltr'><strong>plurimam</strong></span> <span class='ocrx_word' id='word_1_84' title='bbox 668 2467 755 2532; x_wconf 88' lang='lat' dir='ltr'><strong>dicit.</strong></span> <span class='ocrx_word' id='word_1_85' title='bbox 803 2465 1073 2549; x_wconf 87' lang='lat' dir='ltr'><strong>Perspicatissime</strong></span> <span class='ocrx_word' id='word_1_86' title='bbox 1096 2467 1155 2548; x_wconf 81' lang='lat' dir='ltr'><strong>vir,</strong></span> <span class='ocrx_word' id='word_1_87' title='bbox 1179 2467 1233 2532; x_wconf 91' lang='lat' dir='ltr'><strong>lit·</strong></span> 
     </span>
     <span class='ocr_line' id='line_1_15' title="bbox 74 2571 1233 2656; baseline 0 -18"><span class='ocrx_word' id='word_1_88' title='bbox 74 2585 165 2642; x_wconf 80' lang='lat' dir='ltr'><strong>teras</strong></span> <span class='ocrx_word' id='word_1_89' title='bbox 187 2580 311 2640; x_wconf 84' lang='lat' dir='ltr'><strong>vestras</strong></span> <span class='ocrx_word' id='word_1_90' title='bbox 334 2575 371 2640; x_wconf 88' lang='lat' dir='ltr'><strong>ad</strong></span> <span class='ocrx_word' id='word_1_91' title='bbox 408 2596 458 2640; x_wconf 85' lang='lat' dir='ltr'><strong>rue</strong></span> <span class='ocrx_word' id='word_1_92' title='bbox 482 2573 650 2640; x_wconf 86' lang='lat' dir='ltr'><strong>novissime</strong></span> <span class='ocrx_word' id='word_1_93' title='bbox 680 2573 769 2636; x_wconf 85' lang='lat' dir='ltr'><strong>datas</strong></span> <span class='ocrx_word' id='word_1_94' title='bbox 799 2571 942 2654; x_wconf 84' lang='lat' dir='ltr'><strong>gratanti</strong></span> <span class='ocrx_word' id='word_1_95' title='bbox 967 2571 1073 2638; x_wconf 88' lang='lat' dir='ltr'><strong>animo</strong></span> <span class='ocrx_word' id='word_1_96' title='bbox 1096 2575 1233 2656; x_wconf 60' lang='lat' dir='ltr'><strong>percepi¹</strong></span> 
     </span>
     <span class='ocr_line' id='line_1_16' title="bbox 76 2677 1234 2764; baseline -0.002 -20"><span class='ocrx_word' id='word_1_97' title='bbox 76 2685 174 2744; x_wconf 87' lang='lat' dir='ltr'><strong>tanto</strong></span> <span class='ocrx_word' id='word_1_98' title='bbox 198 2679 325 2764; x_wconf 84' lang='lat' dir='ltr'><strong>quidem</strong></span> <span class='ocrx_word' id='word_1_99' title='bbox 349 2679 524 2758; x_wconf 84' lang='lat' dir='ltr'><strong>iocundius,</strong></span> <span class='ocrx_word' id='word_1_100' title='bbox 548 2682 668 2764; x_wconf 89' lang='lat' dir='ltr'><strong>quanto</strong></span> <span class='ocrx_word' id='word_1_101' title='bbox 691 2699 742 2742; x_wconf 87' lang='lat' dir='ltr'><strong>eas</strong></span> <span class='ocrx_word' id='word_1_102' title='bbox 764 2677 927 2741; x_wconf 80' lang='lat' dir='ltr'><strong>sinceriori</strong></span> <span class='ocrx_word' id='word_1_103' title='bbox 950 2678 1136 2762; x_wconf 85' lang='lat' dir='ltr'><strong>puriorique</strong></span> <span class='ocrx_word' id='word_1_104' title='bbox 1159 2701 1234 2762; x_wconf 85' lang='lat' dir='ltr'><strong>erga</strong></span> 
     </span>
     <span class='ocr_line' id='line_1_17' title="bbox 77 2782 1233 2866; baseline -0.003 -16"><span class='ocrx_word' id='word_1_105' title='bbox 77 2807 129 2850; x_wconf 88' lang='lat' dir='ltr'><strong>rue</strong></span> <span class='ocrx_word' id='word_1_106' title='bbox 157 2789 264 2849; x_wconf 89' lang='lat' dir='ltr'><strong>mente</strong></span> <span class='ocrx_word' id='word_1_107' title='bbox 289 2805 449 2850; x_wconf 79' lang='lat' dir='ltr'><strong>emanasse</strong></span> <span class='ocrx_word' id='word_1_108' title='bbox 473 2789 505 2850; x_wconf 84' lang='lat' dir='ltr'><strong>et</strong></span> <span class='ocrx_word' id='word_1_109' title='bbox 528 2784 592 2850; x_wconf 88' lang='lat' dir='ltr'><strong>scio</strong></span> <span class='ocrx_word' id='word_1_110' title='bbox 615 2788 648 2848; x_wconf 91' lang='lat' dir='ltr'><strong>et</strong></span> <span class='ocrx_word' id='word_1_111' title='bbox 663 2788 769 2850; x_wconf 86' lang='lat' dir='ltr'><strong>certus</strong></span> <span class='ocrx_word' id='word_1_112' title='bbox 784 2804 865 2862; x_wconf 72' lang='lat' dir='ltr'><strong>suns,</strong></span> <span class='ocrx_word' id='word_1_113' title='bbox 889 2782 1004 2866; x_wconf 88' lang='lat' dir='ltr'><strong>quibus</strong></span> <span class='ocrx_word' id='word_1_114' title='bbox 1020 2783 1105 2846; x_wconf 89' lang='lat' dir='ltr'><strong>inter</strong></span> <span class='ocrx_word' id='word_1_115' title='bbox 1127 2789 1233 2848; x_wconf 86' lang='lat' dir='ltr'><strong>cetera</strong></span> 
     </span>
     <span class='ocr_line' id='line_1_18' title="bbox 76 2887 1229 2974; baseline 0.002 -22"><span class='ocrx_word' id='word_1_116' title='bbox 76 2912 127 2954; x_wconf 92' lang='lat' dir='ltr'><strong>me</strong></span> <span class='ocrx_word' id='word_1_117' title='bbox 152 2889 226 2974; x_wconf 90' lang='lat' dir='ltr'><strong>plns</strong></span> <span class='ocrx_word' id='word_1_118' title='bbox 249 2890 356 2954; x_wconf 88' lang='lat' dir='ltr'><strong>debito</strong></span> <span class='ocrx_word' id='word_1_119' title='bbox 379 2893 412 2954; x_wconf 89' lang='lat' dir='ltr'><strong>et</strong></span> <span class='ocrx_word' id='word_1_120' title='bbox 435 2889 579 2974; x_wconf 72' lang='lat' dir='ltr'><strong>positivis</strong></span> <span class='ocrx_word' id='word_1_121' title='bbox 602 2894 634 2953; x_wconf 91' lang='lat' dir='ltr'><strong>et</strong></span> <span class='ocrx_word' id='word_1_122' title='bbox 657 2887 857 2954; x_wconf 86' lang='lat' dir='ltr'><strong>naturalibus</strong></span> <span class='ocrx_word' id='word_1_123' title='bbox 879 2887 1058 2972; x_wconf 88' lang='lat' dir='ltr'><strong>divinisque</strong></span> <span class='ocrx_word' id='word_1_124' title='bbox 1075 2889 1229 2956; x_wconf 84' lang='lat' dir='ltr'><strong>maiorum</strong></span> 
     </span>
     <span class='ocr_line' id='line_1_19' title="bbox 75 2990 1233 3078; baseline 0.001 -21"><span class='ocrx_word' id='word_1_125' title='bbox 75 2999 260 3060; x_wconf 86' lang='lat' dir='ltr'><strong>nostrorum</strong></span> <span class='ocrx_word' id='word_1_126' title='bbox 291 2994 464 3073; x_wconf 73' lang='lat' dir='ltr'><strong>institutis,</strong></span> <span class='ocrx_word' id='word_1_127' title='bbox 494 2993 680 3078; x_wconf 82' lang='lat' dir='ltr'><strong>quinymmo</strong></span> <span class='ocrx_word' id='word_1_128' title='bbox 710 2990 891 3056; x_wconf 89' lang='lat' dir='ltr'><strong>insolubilis</strong></span> <span class='ocrx_word' id='word_1_129' title='bbox 927 2992 1024 3056; x_wconf 80' lang='lat' dir='ltr'><strong>eciam</strong></span> <span class='ocrx_word' id='word_1_130' title='bbox 1062 2994 1146 3058; x_wconf 87' lang='lat' dir='ltr'><strong>inter</strong></span> <span class='ocrx_word' id='word_1_131' title='bbox 1176 3016 1233 3058; x_wconf 87' lang='lat' dir='ltr'><strong>nos</strong></span> 
     </span>
     <span class='ocr_line' id='line_1_20' title="bbox 75 3085 1232 3178; baseline 0 -14"><span class='ocrx_word' id='word_1_132' title='bbox 75 3100 238 3164; x_wconf 85' lang='lat' dir='ltr'><strong>contracti</strong></span> <span class='ocrx_word' id='word_1_133' title='bbox 262 3099 380 3163; x_wconf 85' lang='lat' dir='ltr'><strong>amoris</strong></span> <span class='ocrx_word' id='word_1_134' title='bbox 403 3103 435 3162; x_wconf 90' lang='lat' dir='ltr'><strong>et</strong></span> <span class='ocrx_word' id='word_1_135' title='bbox 458 3085 679 3163; x_wconf 89' lang='lat' dir='ltr'><strong>benevoleneie</strong></span> <span class='ocrx_word' id='word_1_136' title='bbox 694 3097 815 3163; x_wconf 89' lang='lat' dir='ltr'><strong>intuitu</strong></span> <span class='ocrx_word' id='word_1_137' title='bbox 838 3097 1000 3164; x_wconf 87' lang='lat' dir='ltr'><strong>exhortari</strong></span> <span class='ocrx_word' id='word_1_138' title='bbox 1018 3099 1172 3178; x_wconf 80' lang='lat' dir='ltr'><strong>voluistis,</strong></span> <span class='ocrx_word' id='word_1_139' title='bbox 1196 3107 1232 3164; x_wconf 91' lang='lat' dir='ltr'><strong>ut</strong></span> 
     </span>
     <span class='ocr_line' id='line_1_21' title="bbox 77 3201 1228 3290; baseline -0.003 -20"><span class='ocrx_word' id='word_1_140' title='bbox 77 3227 186 3270; x_wconf 86' lang='lat' dir='ltr'><strong>meum</strong></span> <span class='ocrx_word' id='word_1_141' title='bbox 210 3224 287 3288; x_wconf 80' lang='lat' dir='ltr'><strong>erga</strong></span> <span class='ocrx_word' id='word_1_142' title='bbox 311 3201 582 3290; x_wconf 65' lang='lat' dir='ltr'><strong>Sigpsmundum]</strong></span> <span class='ocrx_word' id='word_1_143' title='bbox 611 3201 746 3268; x_wconf 75' lang='lat' dir='ltr'><strong>Amnmn</strong></span> <span class='ocrx_word' id='word_1_144' title='bbox 769 3202 867 3266; x_wconf 85' lang='lat' dir='ltr'><strong>animi</strong></span> <span class='ocrx_word' id='word_1_145' title='bbox 892 3223 1054 3268; x_wconf 85' lang='lat' dir='ltr'><strong>rancorem</strong></span> <span class='ocrx_word' id='word_1_146' title='bbox 1078 3203 1228 3268; x_wconf 82' lang='lat' dir='ltr'><strong>caducum</strong></span> 
     </span>
     <span class='ocr_line' id='line_1_22' title="bbox 75 3307 1233 3394; baseline 0 -20"><span class='ocrx_word' id='word_1_147' title='bbox 75 3309 298 3394; x_wconf 88' lang='lat' dir='ltr'><strong>abolitumque</strong></span> <span class='ocrx_word' id='word_1_148' title='bbox 320 3330 415 3392; x_wconf 81' lang='lat' dir='ltr'><strong>agere</strong></span> <span class='ocrx_word' id='word_1_149' title='bbox 437 3309 533 3374; x_wconf 87' lang='lat' dir='ltr'><strong>velim</strong></span> <span class='ocrx_word' id='word_1_150' title='bbox 557 3315 616 3372; x_wconf 90' lang='lat' dir='ltr'><strong>etc.</strong></span> <span class='ocrx_word' id='word_1_151' title='bbox 664 3307 790 3372; x_wconf 87' lang='lat' dir='ltr'><strong>Etcum</strong></span> <span class='ocrx_word' id='word_1_152' title='bbox 813 3307 856 3372; x_wconf 91' lang='lat' dir='ltr'><strong>rei</strong></span> <span class='ocrx_word' id='word_1_153' title='bbox 874 3308 987 3371; x_wconf 89' lang='lat' dir='ltr'><strong>seriem</strong></span> <span class='ocrx_word' id='word_1_154' title='bbox 1011 3330 1048 3372; x_wconf 84' lang='lat' dir='ltr'><strong>ex</strong></span> <span class='ocrx_word' id='word_1_155' title='bbox 1072 3309 1233 3392; x_wconf 85' lang='lat' dir='ltr'><strong>prioribus</strong></span> 
     </span>
     <span class='ocr_line' id='line_1_23' title="bbox 77 3411 1227 3487; baseline -0.002 -9"><span class='ocrx_word' id='word_1_156' title='bbox 77 3417 156 3478; x_wconf 88' lang='lat' dir='ltr'><strong>meis</strong></span> <span class='ocrx_word' id='word_1_157' title='bbox 177 3413 295 3478; x_wconf 88' lang='lat' dir='ltr'><strong>litteris</strong></span> <span class='ocrx_word' id='word_1_158' title='bbox 318 3411 506 3476; x_wconf 74' lang='lat' dir='ltr'><strong>intellixisse</strong></span> <span class='ocrx_word' id='word_1_159' title='bbox 530 3433 584 3477; x_wconf 89' lang='lat' dir='ltr'><strong>vos</strong></span> <span class='ocrx_word' id='word_1_160' title='bbox 607 3433 670 3477; x_wconf 92' lang='lat' dir='ltr'><strong>non</strong></span> <span class='ocrx_word' id='word_1_161' title='bbox 693 3411 844 3487; x_wconf 88' lang='lat' dir='ltr'><strong>dubitem,</strong></span> <span class='ocrx_word' id='word_1_162' title='bbox 869 3434 909 3476; x_wconf 89' lang='lat' dir='ltr'><strong>nc</strong></span> <span class='ocrx_word' id='word_1_163' title='bbox 932 3413 964 3478; x_wconf 90' lang='lat' dir='ltr'><strong>in</strong></span> <span class='ocrx_word' id='word_1_164' title='bbox 990 3413 1047 3476; x_wconf 92' lang='lat' dir='ltr'><strong>boc</strong></span> <span class='ocrx_word' id='word_1_165' title='bbox 1070 3434 1134 3478; x_wconf 89' lang='lat' dir='ltr'><strong>uno</strong></span> <span class='ocrx_word' id='word_1_166' title='bbox 1158 3413 1227 3476; x_wconf 92' lang='lat' dir='ltr'><strong>lon-</strong></span> 
     </span>
     <span class='ocr_line' id='line_1_24' title="bbox 76 3518 1228 3604; baseline -0.003 -18"><span class='ocrx_word' id='word_1_167' title='bbox 76 3521 221 3604; x_wconf 79' lang='lat' dir='ltr'><strong>gioribus</strong></span> <span class='ocrx_word' id='word_1_168' title='bbox 254 3519 439 3584; x_wconf 82' lang='lat' dir='ltr'><strong>afficiamini</strong></span> <span class='ocrx_word' id='word_1_169' title='bbox 474 3519 642 3603; x_wconf 84' lang='lat' dir='ltr'><strong>precibus,</strong></span> <span class='ocrx_word' id='word_1_170' title='bbox 677 3518 971 3596; x_wconf 81' lang='lat' dir='ltr'><strong>exhortacionibus‚</strong></span> <span class='ocrx_word' id='word_1_171' title='bbox 1007 3518 1228 3602; x_wconf 82' lang='lat' dir='ltr'><strong>voluntatique</strong></span> 
     </span>
     <span class='ocr_line' id='line_1_25' title="bbox 80 3623 1228 3709; baseline 0.001 -23"><span class='ocrx_word' id='word_1_172' title='bbox 80 3631 185 3690; x_wconf 82' lang='lat' dir='ltr'><strong>vestre</strong></span> <span class='ocrx_word' id='word_1_173' title='bbox 206 3645 325 3690; x_wconf 85' lang='lat' dir='ltr'><strong>rnorem</strong></span> <span class='ocrx_word' id='word_1_174' title='bbox 349 3629 384 3688; x_wconf 88' lang='lat' dir='ltr'><strong>nt</strong></span> <span class='ocrx_word' id='word_1_175' title='bbox 408 3629 518 3690; x_wconf 88' lang='lat' dir='ltr'><strong>teneor</strong></span> <span class='ocrx_word' id='word_1_176' title='bbox 540 3624 699 3709; x_wconf 83' lang='lat' dir='ltr'><strong>gerendo,</strong></span> <span class='ocrx_word' id='word_1_177' title='bbox 723 3646 790 3690; x_wconf 88' lang='lat' dir='ltr'><strong>eam</strong></span> <span class='ocrx_word' id='word_1_178' title='bbox 816 3624 893 3690; x_wconf 89' lang='lat' dir='ltr'><strong>mibi</strong></span> <span class='ocrx_word' id='word_1_179' title='bbox 922 3645 979 3708; x_wconf 84' lang='lat' dir='ltr'><strong>per</strong></span> <span class='ocrx_word' id='word_1_180' title='bbox 1003 3626 1105 3708; x_wconf 89' lang='lat' dir='ltr'><strong>ipsum</strong></span> <span class='ocrx_word' id='word_1_181' title='bbox 1129 3623 1228 3695; x_wconf 69' lang='lat' dir='ltr'><strong>Sinis-</strong></span> 
     </span>
     <span class='ocr_line' id='line_1_26' title="bbox 80 3729 1229 3813; baseline -0.001 -19"><span class='ocrx_word' id='word_1_182' title='bbox 80 3731 231 3794; x_wconf 87' lang='lat' dir='ltr'><strong>mnndum</strong></span> <span class='ocrx_word' id='word_1_183' title='bbox 264 3729 389 3794; x_wconf 85' lang='lat' dir='ltr'><strong>illatam</strong></span> <span class='ocrx_word' id='word_1_184' title='bbox 425 3731 602 3794; x_wconf 86' lang='lat' dir='ltr'><strong>molestiam</strong></span> <span class='ocrx_word' id='word_1_185' title='bbox 633 3730 786 3794; x_wconf 89' lang='lat' dir='ltr'><strong>abolitam</strong></span> <span class='ocrx_word' id='word_1_186' title='bbox 821 3730 861 3794; x_wconf 89' lang='lat' dir='ltr'><strong>iri</strong></span> <span class='ocrx_word' id='word_1_187' title='bbox 889 3731 996 3794; x_wconf 89' lang='lat' dir='ltr'><strong>statui.</strong></span> <span class='ocrx_word' id='word_1_188' title='bbox 1045 3731 1112 3813; x_wconf 79' lang='lat' dir='ltr'><strong>Ego</strong></span> <span class='ocrx_word' id='word_1_189' title='bbox 1146 3731 1229 3796; x_wconf 90' lang='lat' dir='ltr'><strong>enim</strong></span> 
     </span>
     <span class='ocr_line' id='line_1_27' title="bbox 81 3835 1230 3920; baseline 0.001 -24"><span class='ocrx_word' id='word_1_190' title='bbox 81 3855 199 3898; x_wconf 84' lang='lat' dir='ltr'><strong>nrecum</strong></span> <span class='ocrx_word' id='word_1_191' title='bbox 221 3835 267 3898; x_wconf 91' lang='lat' dir='ltr'><strong>ita</strong></span> <span class='ocrx_word' id='word_1_192' title='bbox 289 3839 446 3900; x_wconf 81' lang='lat' dir='ltr'><strong>statutum</strong></span> <span class='ocrx_word' id='word_1_193' title='bbox 469 3835 591 3913; x_wconf 85' lang='lat' dir='ltr'><strong>habeo,</strong></span> <span class='ocrx_word' id='word_1_194' title='bbox 621 3835 666 3898; x_wconf 94' lang='lat' dir='ltr'><strong>nil</strong></span> <span class='ocrx_word' id='word_1_195' title='bbox 691 3841 755 3900; x_wconf 74' lang='lat' dir='ltr'><strong>toni</strong></span> <span class='ocrx_word' id='word_1_196' title='bbox 780 3835 910 3900; x_wconf 78' lang='lat' dir='ltr'><strong>difficile</strong></span> <span class='ocrx_word' id='word_1_197' title='bbox 934 3835 1106 3916; x_wconf 82' lang='lat' dir='ltr'><strong>excogitari</strong></span> <span class='ocrx_word' id='word_1_198' title='bbox 1130 3857 1230 3920; x_wconf 80' lang='lat' dir='ltr'><strong>posse,</strong></span> 
     </span>
     <span class='ocr_line' id='line_1_28' title="bbox 80 3933 1229 4024; baseline 0 -22"><span class='ocrx_word' id='word_1_199' title='bbox 80 3938 162 4022; x_wconf 80' lang='lat' dir='ltr'><strong>quod</strong></span> <span class='ocrx_word' id='word_1_200' title='bbox 187 3960 247 4002; x_wconf 91' lang='lat' dir='ltr'><strong>non</strong></span> <span class='ocrx_word' id='word_1_201' title='bbox 273 3939 366 4003; x_wconf 89' lang='lat' dir='ltr'><strong>facile</strong></span> <span class='ocrx_word' id='word_1_202' title='bbox 390 3938 468 4003; x_wconf 84' lang='lat' dir='ltr'><strong>milri</strong></span> <span class='ocrx_word' id='word_1_203' title='bbox 492 3961 558 4002; x_wconf 87' lang='lat' dir='ltr'><strong>esse</strong></span> <span class='ocrx_word' id='word_1_204' title='bbox 574 3933 696 4018; x_wconf 78' lang='lat' dir='ltr'><strong>debeat,</strong></span> <span class='ocrx_word' id='word_1_205' title='bbox 720 3960 790 4003; x_wconf 77' lang='lat' dir='ltr'><strong>enni</strong></span> <span class='ocrx_word' id='word_1_206' title='bbox 810 3939 839 4004; x_wconf 88' lang='lat' dir='ltr'><strong>id</strong></span> <span class='ocrx_word' id='word_1_207' title='bbox 857 3961 912 4006; x_wconf 88' lang='lat' dir='ltr'><strong>vos</strong></span> <span class='ocrx_word' id='word_1_208' title='bbox 927 3939 1009 4004; x_wconf 89' lang='lat' dir='ltr'><strong>velle</strong></span> <span class='ocrx_word' id='word_1_209' title='bbox 1030 3961 1229 4024; x_wconf 82' lang='lat' dir='ltr'><strong>cognoscam,</strong></span> 
     </span>
    </p>
   </div>
   <div class='ocr_carea' id='block_1_8' title="bbox 645 4132 663 4169">
    <p class='ocr_par' dir='ltr' id='par_1_8' title="bbox 645 4132 663 4169">
     <span class='ocr_line' id='line_1_29' title="bbox 645 4132 663 4169; baseline 0 0"><span class='ocrx_word' id='word_1_210' title='bbox 645 4132 663 4169; x_wconf 72' lang='lat' dir='ltr'>ss</span> 
     </span>
    </p>
   </div>
   <div class='ocr_carea' id='block_1_9' title="bbox 82 4224 1229 4568">
    <p class='ocr_par' dir='ltr' id='par_1_9' title="bbox 82 4224 1229 4568">
     <span class='ocr_line' id='line_1_30' title="bbox 150 4224 1228 4306; baseline 0 -18"><span class='ocrx_word' id='word_1_211' title='bbox 150 4235 162 4288; x_wconf 95' lang='lat' dir='ltr'><strong>l</strong></span> <span class='ocrx_word' id='word_1_212' title='bbox 185 4224 257 4290; x_wconf 85' lang='lat' dir='ltr'><strong>llber</strong></span> <span class='ocrx_word' id='word_1_213' title='bbox 286 4233 423 4290; x_wconf 84' lang='lat' dir='ltr'><strong>Valentio</strong></span> <span class='ocrx_word' id='word_1_214' title='bbox 449 4237 520 4292; x_wconf 77' lang='lat' dir='ltr'><strong>iiber</strong></span> <span class='ocrx_word' id='word_1_215' title='bbox 548 4237 604 4306; x_wconf 82' lang='lat' dir='ltr'><strong>vgl.</strong></span> <span class='ocrx_word' id='word_1_216' title='bbox 630 4235 736 4290; x_wconf 71' lang='lat' dir='ltr'><strong>sectr.</strong></span> <span class='ocrx_word' id='word_1_217' title='bbox 767 4236 805 4302; x_wconf 89' lang='lat' dir='ltr'><strong>V,</strong></span> <span class='ocrx_word' id='word_1_218' title='bbox 836 4237 909 4292; x_wconf 73' lang='lat'><strong>306¹.</strong></span> <span class='ocrx_word' id='word_1_219' title='bbox 946 4235 1134 4290; x_wconf 84' lang='lat' dir='ltr'><strong>Wnttenbacb</strong></span> <span class='ocrx_word' id='word_1_220' title='bbox 1154 4235 1183 4290; x_wconf 90' lang='lat' dir='ltr'><strong>in</strong></span> <span class='ocrx_word' id='word_1_221' title='bbox 1203 4237 1228 4290; x_wconf 84' lang='lat' dir='ltr'><strong>d.</strong></span> 
     </span>
     <span class='ocr_line' id='line_1_31' title="bbox 82 4322 1229 4392; baseline 0.001 -17"><span class='ocrx_word' id='word_1_222' title='bbox 82 4322 200 4378; x_wconf 84' lang='lat' dir='ltr'><strong>Ztschrit</strong></span> <span class='ocrx_word' id='word_1_223' title='bbox 217 4323 283 4381; x_wconf 77' lang='lat' dir='ltr'><strong>ss.</strong></span> <span class='ocrx_word' id='word_1_224' title='bbox 301 4323 328 4380; x_wconf 87' lang='lat' dir='ltr'><strong>d.</strong></span> <span class='ocrx_word' id='word_1_225' title='bbox 353 4323 519 4379; x_wconf 85' lang='lat' dir='ltr'><strong>Oberrbeina</strong></span> <span class='ocrx_word' id='word_1_226' title='bbox 538 4323 626 4388; x_wconf 76' lang='lat' dir='ltr'><strong>xxn,</strong></span> <span class='ocrx_word' id='word_1_227' title='bbox 645 4326 688 4380; x_wconf 83' lang='lat'><strong>39.</strong></span> <span class='ocrx_word' id='word_1_228' title='bbox 707 4324 749 4379; x_wconf 80' lang='lat'><strong>58.</strong></span> <span class='ocrx_word' id='word_1_229' title='bbox 775 4323 860 4388; x_wconf 83' lang='lat' dir='ltr'>XXV,</span> <span class='ocrx_word' id='word_1_230' title='bbox 883 4327 927 4379; x_wconf 84' lang='lat'><strong>69.</strong></span> <span class='ocrx_word' id='word_1_231' title='bbox 965 4323 1134 4392; x_wconf 80' lang='lat' dir='ltr'><strong>Herberger,</strong></span> <span class='ocrx_word' id='word_1_232' title='bbox 1160 4323 1229 4378; x_wconf 82' lang='lat' dir='ltr'><strong>Con·</strong></span> 
     </span>
     <span class='ocr_line' id='line_1_32' title="bbox 82 4409 1229 4482; baseline -0.003 -16"><span class='ocrx_word' id='word_1_233' title='bbox 82 4410 131 4466; x_wconf 74' lang='lat' dir='ltr'><strong>ml</strong></span> <span class='ocrx_word' id='word_1_234' title='bbox 149 4409 298 4481; x_wconf 75' lang='lat' dir='ltr'><strong>Peutinger</strong></span> <span class='ocrx_word' id='word_1_235' title='bbox 319 4412 375 4482; x_wconf 83' lang='lat'>[15.</span> <span class='ocrx_word' id='word_1_236' title='bbox 396 4429 421 4465; x_wconf 87' lang='lat' dir='ltr'><strong>u.</strong></span> <span class='ocrx_word' id='word_1_237' title='bbox 450 4411 490 4465; x_wconf 80' lang='lat' dir='ltr'><strong>lo.</strong></span> <span class='ocrx_word' id='word_1_238' title='bbox 509 4411 667 4468; x_wconf 83' lang='lat' dir='ltr'><strong>lebresber.</strong></span> <span class='ocrx_word' id='word_1_239' title='bbox 695 4411 722 4464; x_wconf 89' lang='lat' dir='ltr'><strong>d.</strong></span> <span class='ocrx_word' id='word_1_240' title='bbox 745 4412 810 4465; x_wconf 88' lang='lat' dir='ltr'><strong>bist.</strong></span> <span class='ocrx_word' id='word_1_241' title='bbox 833 4413 864 4468; x_wconf 85' lang='lat' dir='ltr'><strong>V.</strong></span> <span class='ocrx_word' id='word_1_242' title='bbox 889 4412 909 4466; x_wconf 86' lang='lat' dir='ltr'><strong>i.</strong></span> <span class='ocrx_word' id='word_1_243' title='bbox 928 4409 1080 4466; x_wconf 80' lang='lat' dir='ltr'><strong>Schwaben</strong></span> <span class='ocrx_word' id='word_1_244' title='bbox 1107 4427 1132 4463; x_wconf 88' lang='lat' dir='ltr'><strong>u.</strong></span> <span class='ocrx_word' id='word_1_245' title='bbox 1158 4409 1229 4464; x_wconf 86' lang='lat' dir='ltr'><strong>Neu·</strong></span> 
     </span>
     <span class='ocr_line' id='line_1_33' title="bbox 84 4495 222 4568; baseline 0.051 -21"><span class='ocrx_word' id='word_1_246' title='bbox 84 4495 164 4568; x_wconf 78' lang='lat' dir='ltr'><strong>burg]</strong></span> <span class='ocrx_word' id='word_1_247' title='bbox 182 4499 222 4554; x_wconf 82' lang='lat'><strong>33.</strong></span> 
     </span>
    </p>
   </div>
   <div class='ocr_carea' id='block_1_10' title="bbox 0 0 1511 5070">
    <p class='ocr_par' dir='ltr' id='par_1_10' title="bbox 0 0 1511 5070">
     <span class='ocr_line' id='line_1_34' title="bbox 0 0 1511 5070; baseline 0 0"><span class='ocrx_word' id='word_1_248' title='bbox 0 0 1511 5070; x_wconf 95' lang='lat' dir='ltr'><strong> </strong></span> 
     </span>
    </p>
   </div>
  </div>
 </body>
</html>
