<?xml version="1.0" encoding="UTF-8"?>
<!DOCTYPE html PUBLIC "-//W3C//DTD XHTML 1.0 Transitional//EN"
    "http://www.w3.org/TR/xhtml1/DTD/xhtml1-transitional.dtd">
<html xmlns="http://www.w3.org/1999/xhtml" xml:lang="en" lang="en">
 <head>
  <title>
</title>
<meta http-equiv="Content-Type" content="text/html;charset=utf-8" />
  <meta name='ocr-system' content='tesseract 3.04.00' />
  <meta name='ocr-capabilities' content='ocr_page ocr_carea ocr_par ocr_line ocrx_word'/>
</head>
<body>
  <div class='ocr_page' id='page_1' title='image "./hermannschedels00schegoog_0136.png"; bbox 0 0 2990 5068; ppageno 0'>
   <div class='ocr_carea' id='block_1_1' title="bbox 785 358 848 424">
    <p class='ocr_par' dir='ltr' id='par_1_1' title="bbox 785 358 848 424">
     <span class='ocr_line' id='line_1_1' title="bbox 785 358 848 424; baseline 0 0"><span class='ocrx_word' id='word_1_1' title='bbox 785 358 848 424; x_wconf 85' lang='lat'><strong>120</strong></span> 
     </span>
    </p>
   </div>
   <div class='ocr_carea' id='block_1_2' title="bbox 235 531 1407 1992">
    <p class='ocr_par' dir='ltr' id='par_1_2' title="bbox 235 531 1407 1026">
     <span class='ocr_line' id='line_1_2' title="bbox 235 531 1405 623; baseline -0.01 -18"><span class='ocrx_word' id='word_1_2' title='bbox 235 537 394 605; x_wconf 87' lang='lat' dir='ltr'><strong>Raehaele</strong></span> <span class='ocrx_word' id='word_1_3' title='bbox 416 537 570 623; x_wconf 90' lang='lat' dir='ltr'><strong>optimam</strong></span> <span class='ocrx_word' id='word_1_4' title='bbox 596 539 721 620; x_wconf 87' lang='lat' dir='ltr'><strong>partem</strong></span> <span class='ocrx_word' id='word_1_5' title='bbox 745 532 842 620; x_wconf 81' lang='lat' dir='ltr'><strong>elegit</strong></span> <span class='ocrx_word' id='word_1_6' title='bbox 865 534 950 619; x_wconf 83' lang='lat' dir='ltr'><strong>apud</strong></span> <span class='ocrx_word' id='word_1_7' title='bbox 966 535 1060 619; x_wconf 86' lang='lat' dir='ltr'><strong>pedes</strong></span> <span class='ocrx_word' id='word_1_8' title='bbox 1077 533 1198 600; x_wconf 89' lang='lat' dir='ltr'><strong>domini</strong></span> <span class='ocrx_word' id='word_1_9' title='bbox 1223 532 1258 596; x_wconf 89' lang='lat' dir='ltr'><strong>in</strong></span> <span class='ocrx_word' id='word_1_10' title='bbox 1287 531 1405 616; x_wconf 88' lang='lat' dir='ltr'><strong>requie</strong></span> 
     </span>
     <span class='ocr_line' id='line_1_3' title="bbox 236 636 1404 725; baseline -0.008 -14"><span class='ocrx_word' id='word_1_11' title='bbox 236 642 394 711; x_wconf 91' lang='lat' dir='ltr'><strong>dominica</strong></span> <span class='ocrx_word' id='word_1_12' title='bbox 423 640 678 725; x_wconf 90' lang='lat' dir='ltr'><strong>contemplando.</strong></span> <span class='ocrx_word' id='word_1_13' title='bbox 726 638 845 706; x_wconf 79' lang='lat' dir='ltr'><strong>Anima</strong></span> <span class='ocrx_word' id='word_1_14' title='bbox 877 641 961 706; x_wconf 90' lang='lat' dir='ltr'><strong>enim</strong></span> <span class='ocrx_word' id='word_1_15' title='bbox 985 640 1122 706; x_wconf 86' lang='lat' dir='ltr'><strong>sedendo</strong></span> <span class='ocrx_word' id='word_1_16' title='bbox 1145 643 1177 704; x_wconf 87' lang='lat' dir='ltr'><strong>et</strong></span> <span class='ocrx_word' id='word_1_17' title='bbox 1202 636 1404 725; x_wconf 86' lang='lat' dir='ltr'><strong>quiescendo</strong></span> 
     </span>
     <span class='ocr_line' id='line_1_4' title="bbox 236 743 1407 830; baseline -0.008 -15"><span class='ocrx_word' id='word_1_18' title='bbox 236 750 277 815; x_wconf 89' lang='lat' dir='ltr'><strong>ab</strong></span> <span class='ocrx_word' id='word_1_19' title='bbox 299 747 553 814; x_wconf 87' lang='lat' dir='ltr'><strong>inordinatarum</strong></span> <span class='ocrx_word' id='word_1_20' title='bbox 573 745 755 830; x_wconf 77' lang='lat' dir='ltr'><strong>passionum</strong></span> <span class='ocrx_word' id='word_1_21' title='bbox 775 745 951 830; x_wconf 72' lang='lat' dir='ltr'><strong>impetibus</strong></span> <span class='ocrx_word' id='word_1_22' title='bbox 968 746 1004 812; x_wconf 88' lang='lat' dir='ltr'><strong>lit</strong></span> <span class='ocrx_word' id='word_1_23' title='bbox 1021 746 1159 830; x_wconf 86' lang='lat' dir='ltr'><strong>sapiens,</strong></span> <span class='ocrx_word' id='word_1_24' title='bbox 1184 743 1344 829; x_wconf 86' lang='lat' dir='ltr'><strong>prudeus,</strong></span> <span class='ocrx_word' id='word_1_25' title='bbox 1368 745 1407 807; x_wconf 89' lang='lat' dir='ltr'><strong>ut</strong></span> 
     </span>
     <span class='ocr_line' id='line_1_5' title="bbox 237 847 1405 939; baseline -0.006 -20"><span class='ocrx_word' id='word_1_26' title='bbox 237 853 343 939; x_wconf 89' lang='lat' dir='ltr'><strong>inquit</strong></span> <span class='ocrx_word' id='word_1_27' title='bbox 366 852 421 918; x_wconf 94' lang='lat' dir='ltr'><strong>ille</strong></span> <span class='ocrx_word' id='word_1_28' title='bbox 443 851 574 938; x_wconf 81' lang='lat' dir='ltr'><strong>gentilis</strong></span> <span class='ocrx_word' id='word_1_29' title='bbox 589 850 789 931; x_wconf 78' lang='lat' dir='ltr'><strong>Aristoteles,</strong></span> <span class='ocrx_word' id='word_1_30' title='bbox 814 850 1080 937; x_wconf 88' lang='lat' dir='ltr'><strong>philosophorum</strong></span> <span class='ocrx_word' id='word_1_31' title='bbox 1108 851 1270 935; x_wconf 88' lang='lat' dir='ltr'><strong>princeps,</strong></span> <span class='ocrx_word' id='word_1_32' title='bbox 1293 847 1405 934; x_wconf 87' lang='lat' dir='ltr'><strong>phisi-</strong></span> 
     </span>
     <span class='ocr_line' id='line_1_6' title="bbox 235 958 525 1026; baseline 0.003 -1"><span class='ocrx_word' id='word_1_33' title='bbox 235 981 345 1025; x_wconf 87' lang='lat' dir='ltr'><strong>oornm</strong></span> <span class='ocrx_word' id='word_1_34' title='bbox 368 958 404 1025; x_wconf 83' lang='grc' dir='ltr'><strong>7ο</strong></span> <span class='ocrx_word' id='word_1_35' title='bbox 416 1009 525 1026; x_wconf 92' lang='grc'><strong>......</strong></span> 
     </span>
    </p>

    <p class='ocr_par' dir='ltr' id='par_1_3' title="bbox 237 1062 1407 1992">
     <span class='ocr_line' id='line_1_7' title="bbox 325 1062 1407 1150; baseline -0.004 -22"><span class='ocrx_word' id='word_1_36' title='bbox 325 1064 358 1147; x_wconf 86' lang='lat' dir='ltr'><strong>[f.</strong></span> <span class='ocrx_word' id='word_1_37' title='bbox 381 1063 473 1150; x_wconf 63' lang='lat'>250⁶]</span> <span class='ocrx_word' id='word_1_38' title='bbox 497 1063 524 1130; x_wconf 95' lang='grc' dir='ltr'>Ο</span> <span class='ocrx_word' id='word_1_39' title='bbox 545 1063 645 1128; x_wconf 88' lang='lat' dir='ltr'><strong>frater</strong></span> <span class='ocrx_word' id='word_1_40' title='bbox 677 1063 868 1146; x_wconf 87' lang='lat' dir='ltr'><strong>predilecte‚</strong></span> <span class='ocrx_word' id='word_1_41' title='bbox 902 1085 975 1130; x_wconf 90' lang='lat' dir='ltr'><strong>caro</strong></span> <span class='ocrx_word' id='word_1_42' title='bbox 1010 1085 1081 1129; x_wconf 88' lang='lat' dir='ltr'><strong>mea</strong></span> <span class='ocrx_word' id='word_1_43' title='bbox 1113 1062 1244 1127; x_wconf 88' lang='lat' dir='ltr'><strong>rebellis</strong></span> <span class='ocrx_word' id='word_1_44' title='bbox 1289 1064 1344 1126; x_wconf 87' lang='lat' dir='ltr'><strong>est</strong></span> <span class='ocrx_word' id='word_1_45' title='bbox 1372 1066 1407 1124; x_wconf 87' lang='lat' dir='ltr'><strong>et</strong></span> 
     </span>
     <span class='ocr_line' id='line_1_8' title="bbox 237 1164 1406 1255; baseline -0.009 -17"><span class='ocrx_word' id='word_1_46' title='bbox 237 1171 363 1239; x_wconf 88' lang='lat' dir='ltr'><strong>dissona</strong></span> <span class='ocrx_word' id='word_1_47' title='bbox 379 1170 508 1255; x_wconf 84' lang='lat' dir='ltr'><strong>spiritui</strong></span> <span class='ocrx_word' id='word_1_48' title='bbox 531 1190 610 1249; x_wconf 87' lang='lat' dir='ltr'><strong>meo,</strong></span> <span class='ocrx_word' id='word_1_49' title='bbox 632 1169 670 1233; x_wconf 85' lang='lat' dir='ltr'><strong>de</strong></span> <span class='ocrx_word' id='word_1_50' title='bbox 694 1190 757 1254; x_wconf 86' lang='lat' dir='ltr'><strong>quo</strong></span> <span class='ocrx_word' id='word_1_51' title='bbox 782 1172 925 1234; x_wconf 83' lang='lat' dir='ltr'><strong>ventrem</strong></span> <span class='ocrx_word' id='word_1_52' title='bbox 942 1189 1046 1234; x_wconf 90' lang='lat' dir='ltr'><strong>meum</strong></span> <span class='ocrx_word' id='word_1_53' title='bbox 1071 1167 1172 1242; x_wconf 83' lang='lat' dir='ltr'><strong>doleo,</strong></span> <span class='ocrx_word' id='word_1_54' title='bbox 1196 1171 1233 1232; x_wconf 92' lang='lat' dir='ltr'><strong>ut</strong></span> <span class='ocrx_word' id='word_1_55' title='bbox 1257 1164 1406 1250; x_wconf 90' lang='lat' dir='ltr'><strong>prophe·</strong></span> 
     </span>
     <span class='ocr_line' id='line_1_9' title="bbox 238 1271 1405 1361; baseline -0.007 -18"><span class='ocrx_word' id='word_1_56' title='bbox 238 1278 303 1343; x_wconf 92' lang='lat' dir='ltr'><strong>tico</strong></span> <span class='ocrx_word' id='word_1_57' title='bbox 333 1279 406 1341; x_wconf 83' lang='lat' dir='ltr'><strong>utar</strong></span> <span class='ocrx_word' id='word_1_58' title='bbox 435 1275 571 1361; x_wconf 87' lang='lat' dir='ltr'><strong>eloquio.</strong></span> <span class='ocrx_word' id='word_1_59' title='bbox 623 1271 735 1357; x_wconf 84' lang='lat' dir='ltr'><strong>Sepias</strong></span> <span class='ocrx_word' id='word_1_60' title='bbox 771 1271 854 1357; x_wconf 85' lang='lat' dir='ltr'><strong>legi,</strong></span> <span class='ocrx_word' id='word_1_61' title='bbox 890 1273 974 1340; x_wconf 78' lang='lat' dir='ltr'><strong>volvi</strong></span> <span class='ocrx_word' id='word_1_62' title='bbox 998 1278 1031 1338; x_wconf 89' lang='lat' dir='ltr'><strong>et</strong></span> <span class='ocrx_word' id='word_1_63' title='bbox 1053 1272 1173 1338; x_wconf 80' lang='lat' dir='ltr'><strong>revolvi</strong></span> <span class='ocrx_word' id='word_1_64' title='bbox 1197 1271 1289 1353; x_wconf 87' lang='lat' dir='ltr'><strong>illud,</strong></span> <span class='ocrx_word' id='word_1_65' title='bbox 1314 1271 1405 1356; x_wconf 91' lang='lat' dir='ltr'><strong>quod</strong></span> 
     </span>
     <span class='ocr_line' id='line_1_10' title="bbox 238 1376 1405 1464; baseline -0.008 -15"><span class='ocrx_word' id='word_1_66' title='bbox 238 1381 349 1449; x_wconf 75' lang='lat' dir='ltr'><strong>scribit</strong></span> <span class='ocrx_word' id='word_1_67' title='bbox 372 1379 509 1464; x_wconf 75' lang='lat' dir='ltr'>Prosper</span> <span class='ocrx_word' id='word_1_68' title='bbox 540 1380 573 1444; x_wconf 93' lang='lat' dir='ltr'><strong>in</strong></span> <span class='ocrx_word' id='word_1_69' title='bbox 601 1378 685 1444; x_wconf 92' lang='lat' dir='ltr'><strong>libro</strong></span> <span class='ocrx_word' id='word_1_70' title='bbox 709 1378 747 1443; x_wconf 91' lang='lat' dir='ltr'><strong>de</strong></span> <span class='ocrx_word' id='word_1_71' title='bbox 770 1377 837 1444; x_wconf 85' lang='lat' dir='ltr'><strong>vita</strong></span> <span class='ocrx_word' id='word_1_72' title='bbox 863 1378 1111 1463; x_wconf 80' lang='lat' dir='ltr'><strong>contemplativa</strong></span> <span class='ocrx_word' id='word_1_73' title='bbox 1135 1383 1168 1442; x_wconf 86' lang='lat' dir='ltr'><strong>et</strong></span> <span class='ocrx_word' id='word_1_74' title='bbox 1198 1378 1341 1442; x_wconf 89' lang='lat' dir='ltr'><strong>habetur</strong></span> <span class='ocrx_word' id='word_1_75' title='bbox 1366 1376 1405 1439; x_wconf 87' lang='lat' dir='ltr'><strong>de</strong></span> 
     </span>
     <span class='ocr_line' id='line_1_11' title="bbox 238 1483 1404 1572; baseline -0.004 -21"><span class='ocrx_word' id='word_1_76' title='bbox 238 1485 425 1572; x_wconf 67' lang='lat' dir='ltr'><strong>penitentia,</strong></span> <span class='ocrx_word' id='word_1_77' title='bbox 453 1484 617 1551; x_wconf 88' lang='lat' dir='ltr'><strong>distinctio</strong></span> <span class='ocrx_word' id='word_1_78' title='bbox 630 1483 672 1567; x_wconf 72' lang='lat' dir='ltr'><strong>(t)</strong></span> <span class='ocrx_word' id='word_1_79' title='bbox 698 1483 824 1567; x_wconf 91' lang='lat' dir='ltr'><strong>prima,</strong></span> <span class='ocrx_word' id='word_1_80' title='bbox 858 1484 1047 1569; x_wconf 87' lang='lat' dir='ltr'><strong>capitulo¹:</strong></span> <span class='ocrx_word' id='word_1_81' title='bbox 1085 1483 1225 1567; x_wconf 81' lang='lat' dir='ltr'><strong>»Corpus</strong></span> <span class='ocrx_word' id='word_1_82' title='bbox 1251 1487 1404 1547; x_wconf 88' lang='lat' dir='ltr'><strong>nostrum</strong></span> 
     </span>
     <span class='ocr_line' id='line_1_12' title="bbox 239 1589 1403 1674; baseline -0.006 -16"><span class='ocrx_word' id='word_1_83' title='bbox 239 1591 421 1658; x_wconf 81' lang='lat' dir='ltr'><strong>dominetur</strong></span> <span class='ocrx_word' id='word_1_84' title='bbox 442 1591 534 1654; x_wconf 85' lang='lat' dir='ltr'><strong>utens</strong></span> <span class='ocrx_word' id='word_1_85' title='bbox 557 1589 653 1669; x_wconf 90' lang='lat' dir='ltr'><strong>racio,</strong></span> <span class='ocrx_word' id='word_1_86' title='bbox 678 1589 854 1655; x_wconf 88' lang='lat' dir='ltr'><strong>subiciatur</strong></span> <span class='ocrx_word' id='word_1_87' title='bbox 876 1611 989 1674; x_wconf 88' lang='lat' dir='ltr'><strong>corpus</strong></span> <span class='ocrx_word' id='word_1_88' title='bbox 1012 1590 1117 1654; x_wconf 89' lang='lat' dir='ltr'><strong>anime</strong></span> <span class='ocrx_word' id='word_1_89' title='bbox 1141 1592 1173 1653; x_wconf 90' lang='lat' dir='ltr'><strong>et</strong></span> <span class='ocrx_word' id='word_1_90' title='bbox 1198 1589 1307 1653; x_wconf 89' lang='lat' dir='ltr'><strong>anima</strong></span> <span class='ocrx_word' id='word_1_91' title='bbox 1331 1589 1403 1664; x_wconf 84' lang='lat' dir='ltr'><strong>deo,</strong></span> 
     </span>
     <span class='ocr_line' id='line_1_13' title="bbox 240 1693 1402 1779; baseline -0.003 -17"><span class='ocrx_word' id='word_1_92' title='bbox 240 1701 272 1762; x_wconf 88' lang='lat' dir='ltr'><strong>et</strong></span> <span class='ocrx_word' id='word_1_93' title='bbox 295 1694 453 1779; x_wconf 83' lang='lat' dir='ltr'><strong>complete</strong></span> <span class='ocrx_word' id='word_1_94' title='bbox 476 1698 524 1758; x_wconf 87' lang='lat' dir='ltr'><strong>eet</strong></span> <span class='ocrx_word' id='word_1_95' title='bbox 546 1693 685 1759; x_wconf 87' lang='lat' dir='ltr'><strong>hominis</strong></span> <span class='ocrx_word' id='word_1_96' title='bbox 704 1693 887 1778; x_wconf 75' lang='lat' dir='ltr'><strong>perfectio«</strong></span> <span class='ocrx_word' id='word_1_97' title='bbox 937 1695 1027 1760; x_wconf 82' lang='lat' dir='ltr'><strong>Licet</strong></span> <span class='ocrx_word' id='word_1_98' title='bbox 1042 1694 1170 1759; x_wconf 79' lang='lat' dir='ltr'><strong>vetulus</strong></span> <span class='ocrx_word' id='word_1_99' title='bbox 1189 1694 1250 1758; x_wconf 79' lang='lat' dir='ltr'><strong>eim</strong></span> <span class='ocrx_word' id='word_1_100' title='bbox 1274 1697 1309 1758; x_wconf 90' lang='lat' dir='ltr'><strong>et</strong></span> <span class='ocrx_word' id='word_1_101' title='bbox 1333 1697 1402 1758; x_wconf 89' lang='lat' dir='ltr'><strong>sta·</strong></span> 
     </span>
     <span class='ocr_line' id='line_1_14' title="bbox 240 1798 1404 1879; baseline -0.005 -13"><span class='ocrx_word' id='word_1_102' title='bbox 240 1802 298 1866; x_wconf 92' lang='lat' dir='ltr'><strong>tim</strong></span> <span class='ocrx_word' id='word_1_103' title='bbox 322 1799 423 1864; x_wconf 86' lang='lat' dir='ltr'><strong>dicem</strong></span> <span class='ocrx_word' id='word_1_104' title='bbox 446 1800 550 1866; x_wconf 88' lang='lat' dir='ltr'><strong>seculo</strong></span> <span class='ocrx_word' id='word_1_105' title='bbox 573 1798 661 1879; x_wconf 85' lang='lat' dir='ltr'><strong>vale,</strong></span> <span class='ocrx_word' id='word_1_106' title='bbox 690 1800 770 1864; x_wconf 85' lang='lat' dir='ltr'><strong>vivit</strong></span> <span class='ocrx_word' id='word_1_107' title='bbox 808 1805 914 1866; x_wconf 88' lang='lat' dir='ltr'><strong>tamen</strong></span> <span class='ocrx_word' id='word_1_108' title='bbox 947 1799 1051 1867; x_wconf 87' lang='lat' dir='ltr'><strong>adhuc</strong></span> <span class='ocrx_word' id='word_1_109' title='bbox 1082 1800 1114 1863; x_wconf 91' lang='lat' dir='ltr'><strong>in</strong></span> <span class='ocrx_word' id='word_1_110' title='bbox 1139 1820 1189 1865; x_wconf 91' lang='lat' dir='ltr'><strong>me</strong></span> <span class='ocrx_word' id='word_1_111' title='bbox 1214 1798 1404 1864; x_wconf 80' lang='lat' dir='ltr'><strong>vinolentus</strong></span> 
     </span>
     <span class='ocr_line' id='line_1_15' title="bbox 241 1903 1404 1992; baseline -0.003 -20"><span class='ocrx_word' id='word_1_112' title='bbox 241 1911 273 1972; x_wconf 91' lang='lat' dir='ltr'><strong>et</strong></span> <span class='ocrx_word' id='word_1_113' title='bbox 289 1905 476 1970; x_wconf 88' lang='lat' dir='ltr'><strong>libidinosus</strong></span> <span class='ocrx_word' id='word_1_114' title='bbox 492 1903 670 1984; x_wconf 74' lang='lat' dir='ltr'><strong>Olofernae,</strong></span> <span class='ocrx_word' id='word_1_115' title='bbox 693 1928 792 1992; x_wconf 87' lang='lat' dir='ltr'><strong>quern</strong></span> <span class='ocrx_word' id='word_1_116' title='bbox 809 1907 927 1973; x_wconf 80' lang='lat' dir='ltr'><strong>sorcius</strong></span> <span class='ocrx_word' id='word_1_117' title='bbox 944 1907 1035 1974; x_wconf 83' lang='lat' dir='ltr'><strong>rinoo</strong></span> <span class='ocrx_word' id='word_1_118' title='bbox 1058 1906 1147 1991; x_wconf 84' lang='lat' dir='ltr'><strong>fuga,</strong></span> <span class='ocrx_word' id='word_1_119' title='bbox 1175 1927 1270 1990; x_wconf 88' lang='lat' dir='ltr'><strong>quam</strong></span> <span class='ocrx_word' id='word_1_120' title='bbox 1287 1925 1404 1990; x_wconf 75' lang='lat' dir='ltr'><strong>pugna</strong></span> 
     </span>
    </p>
   </div>
   <div class='ocr_carea' id='block_1_3' title="bbox 242 2114 1403 2518">
    <p class='ocr_par' dir='ltr' id='par_1_4' title="bbox 242 2114 1403 2518">
     <span class='ocr_line' id='line_1_16' title="bbox 242 2114 1401 2200; baseline -0.003 -18"><span class='ocrx_word' id='word_1_121' title='bbox 242 2117 363 2200; x_wconf 78' lang='lat' dir='ltr'><strong>lugam,</strong></span> <span class='ocrx_word' id='word_1_122' title='bbox 387 2115 413 2179; x_wconf 91' lang='lat' dir='ltr'><strong>si</strong></span> <span class='ocrx_word' id='word_1_123' title='bbox 436 2115 484 2178; x_wconf 82' lang='lat' dir='ltr'><strong>vis</strong></span> <span class='ocrx_word' id='word_1_124' title='bbox 506 2114 623 2182; x_wconf 85' lang='lat' dir='ltr'><strong>habere</strong></span> <span class='ocrx_word' id='word_1_125' title='bbox 646 2117 845 2183; x_wconf 76' lang='lat' dir='ltr'><strong>victoriam«.</strong></span> <span class='ocrx_word' id='word_1_126' title='bbox 883 2116 968 2184; x_wconf 88' lang='lat' dir='ltr'><strong>Nom</strong></span> <span class='ocrx_word' id='word_1_127' title='bbox 994 2119 1106 2184; x_wconf 77' lang='lat' dir='ltr'><strong>beatus</strong></span> <span class='ocrx_word' id='word_1_128' title='bbox 1120 2115 1252 2200; x_wconf 89' lang='lat' dir='ltr'><strong>Joseph,</strong></span> <span class='ocrx_word' id='word_1_129' title='bbox 1276 2119 1315 2180; x_wconf 90' lang='lat' dir='ltr'><strong>ut</strong></span> <span class='ocrx_word' id='word_1_130' title='bbox 1339 2116 1401 2179; x_wconf 91' lang='lat' dir='ltr'><strong>im-</strong></span> 
     </span>
     <span class='ocr_line' id='line_1_17' title="bbox 242 2220 1403 2308; baseline -0.003 -22"><span class='ocrx_word' id='word_1_131' title='bbox 242 2220 388 2306; x_wconf 87' lang='lat' dir='ltr'><strong>pudicam</strong></span> <span class='ocrx_word' id='word_1_132' title='bbox 412 2221 572 2286; x_wconf 90' lang='lat' dir='ltr'><strong>dominam</strong></span> <span class='ocrx_word' id='word_1_133' title='bbox 594 2226 701 2306; x_wconf 88' lang='lat' dir='ltr'><strong>posset</strong></span> <span class='ocrx_word' id='word_1_134' title='bbox 729 2224 881 2302; x_wconf 84' lang='lat' dir='ltr'><strong>evadere,</strong></span> <span class='ocrx_word' id='word_1_135' title='bbox 905 2223 1060 2308; x_wconf 89' lang='lat' dir='ltr'><strong>pallium,</strong></span> <span class='ocrx_word' id='word_1_136' title='bbox 1092 2244 1156 2307; x_wconf 91' lang='lat' dir='ltr'><strong>quo</strong></span> <span class='ocrx_word' id='word_1_137' title='bbox 1177 2220 1403 2306; x_wconf 88' lang='lat' dir='ltr'><strong>apprehensus</strong></span> 
     </span>
     <span class='ocr_line' id='line_1_18' title="bbox 242 2325 1401 2412; baseline 0 -21"><span class='ocrx_word' id='word_1_138' title='bbox 242 2330 321 2406; x_wconf 87' lang='lat' dir='ltr'><strong>erat,</strong></span> <span class='ocrx_word' id='word_1_139' title='bbox 344 2325 475 2410; x_wconf 90' lang='lat' dir='ltr'><strong>reliquit</strong></span> <span class='ocrx_word' id='word_1_140' title='bbox 498 2330 531 2392; x_wconf 90' lang='lat' dir='ltr'><strong>et</strong></span> <span class='ocrx_word' id='word_1_141' title='bbox 553 2325 648 2412; x_wconf 76' lang='lat' dir='ltr'><strong>fugit.</strong></span> <span class='ocrx_word' id='word_1_142' title='bbox 694 2325 784 2403; x_wconf 82' lang='lat' dir='ltr'><strong>Quod</strong></span> <span class='ocrx_word' id='word_1_143' title='bbox 807 2350 864 2394; x_wconf 89' lang='lat' dir='ltr'><strong>noe</strong></span> <span class='ocrx_word' id='word_1_144' title='bbox 881 2330 961 2395; x_wconf 88' lang='lat' dir='ltr'><strong>bene</strong></span> <span class='ocrx_word' id='word_1_145' title='bbox 982 2328 1091 2396; x_wconf 89' lang='lat' dir='ltr'><strong>docuit</strong></span> <span class='ocrx_word' id='word_1_146' title='bbox 1113 2328 1222 2394; x_wconf 88' lang='lat' dir='ltr'><strong>doctor</strong></span> <span class='ocrx_word' id='word_1_147' title='bbox 1236 2327 1401 2410; x_wconf 75' lang='lat' dir='ltr'><strong>gencium,</strong></span> 
     </span>
     <span class='ocr_line' id='line_1_19' title="bbox 242 2428 1397 2518; baseline -0.003 -20"><span class='ocrx_word' id='word_1_148' title='bbox 242 2433 365 2498; x_wconf 91' lang='lat' dir='ltr'><strong>dicens:</strong></span> <span class='ocrx_word' id='word_1_149' title='bbox 397 2428 532 2516; x_wconf 76' lang='lat' dir='ltr'><strong>»Fugite</strong></span> <span class='ocrx_word' id='word_1_150' title='bbox 554 2431 821 2500; x_wconf 77' lang='lat' dir='ltr'><strong>fornicacionem«</strong></span> <span class='ocrx_word' id='word_1_151' title='bbox 837 2433 861 2514; x_wconf 81' lang='lat'><strong>⁸,</strong></span> <span class='ocrx_word' id='word_1_152' title='bbox 883 2456 920 2501; x_wconf 87' lang='lat' dir='ltr'><strong>ae</strong></span> <span class='ocrx_word' id='word_1_153' title='bbox 942 2435 968 2500; x_wconf 89' lang='lat' dir='ltr'><strong>ei</strong></span> <span class='ocrx_word' id='word_1_154' title='bbox 993 2434 1129 2500; x_wconf 85' lang='lat' dir='ltr'><strong>diceret:</strong></span> <span class='ocrx_word' id='word_1_155' title='bbox 1157 2431 1326 2518; x_wconf 82' lang='lat' dir='ltr'><strong>»Reliquis</strong></span> <span class='ocrx_word' id='word_1_156' title='bbox 1350 2432 1397 2496; x_wconf 85' lang='lat' dir='ltr'><strong>vi-</strong></span> 
     </span>
    </p>
   </div>
   <div class='ocr_carea' id='block_1_4' title="bbox 243 2536 1478 3884">
    <p class='ocr_par' dir='ltr' id='par_1_5' title="bbox 243 2536 1478 3884">
     <span class='ocr_line' id='line_1_20' title="bbox 243 2536 1401 2624; baseline 0 -22"><span class='ocrx_word' id='word_1_157' title='bbox 243 2537 300 2602; x_wconf 88' lang='lat' dir='ltr'><strong>ciis</strong></span> <span class='ocrx_word' id='word_1_158' title='bbox 331 2536 389 2601; x_wconf 88' lang='lat' dir='ltr'><strong>deo</strong></span> <span class='ocrx_word' id='word_1_159' title='bbox 420 2537 594 2602; x_wconf 85' lang='lat' dir='ltr'><strong>auxiliante</strong></span> <span class='ocrx_word' id='word_1_160' title='bbox 625 2537 776 2603; x_wconf 87' lang='lat' dir='ltr'><strong>debemus</strong></span> <span class='ocrx_word' id='word_1_161' title='bbox 799 2537 832 2602; x_wconf 92' lang='lat' dir='ltr'><strong>in</strong></span> <span class='ocrx_word' id='word_1_162' title='bbox 864 2539 1005 2624; x_wconf 78' lang='lat' dir='ltr'><strong>presenti</strong></span> <span class='ocrx_word' id='word_1_163' title='bbox 1035 2539 1201 2616; x_wconf 86' lang='lat' dir='ltr'><strong>resistere,</strong></span> <span class='ocrx_word' id='word_1_164' title='bbox 1230 2536 1401 2602; x_wconf 86' lang='lat' dir='ltr'><strong>libidinem</strong></span> 
     </span>
     <span class='ocr_line' id='line_1_21' title="bbox 243 2640 1401 2726; baseline -0.003 -20"><span class='ocrx_word' id='word_1_165' title='bbox 243 2662 317 2707; x_wconf 83' lang='lat' dir='ltr'><strong>vero</strong></span> <span class='ocrx_word' id='word_1_166' title='bbox 340 2641 492 2724; x_wconf 83' lang='lat' dir='ltr'><strong>fugiendo</strong></span> <span class='ocrx_word' id='word_1_167' title='bbox 515 2662 694 2726; x_wconf 76' lang='lat' dir='ltr'><strong>superarer</strong></span> <span class='ocrx_word' id='word_1_168' title='bbox 733 2641 883 2709; x_wconf 87' lang='lat' dir='ltr'><strong>Ofrater</strong></span> <span class='ocrx_word' id='word_1_169' title='bbox 904 2643 1049 2723; x_wconf 83' lang='lat' dir='ltr'><strong>amande,</strong></span> <span class='ocrx_word' id='word_1_170' title='bbox 1071 2643 1166 2726; x_wconf 90' lang='lat' dir='ltr'><strong>cupio</strong></span> <span class='ocrx_word' id='word_1_171' title='bbox 1192 2642 1305 2726; x_wconf 86' lang='lat' dir='ltr'><strong>utique</strong></span> <span class='ocrx_word' id='word_1_172' title='bbox 1328 2640 1401 2704; x_wconf 90' lang='lat' dir='ltr'><strong>aui·</strong></span> 
     </span>
     <span class='ocr_line' id='line_1_22' title="bbox 245 2745 1396 2836; baseline -0.001 -25"><span class='ocrx_word' id='word_1_173' title='bbox 245 2768 327 2812; x_wconf 89' lang='lat' dir='ltr'><strong>mam</strong></span> <span class='ocrx_word' id='word_1_174' title='bbox 351 2768 454 2810; x_wconf 87' lang='lat' dir='ltr'><strong>meam</strong></span> <span class='ocrx_word' id='word_1_175' title='bbox 476 2768 611 2829; x_wconf 79' lang='lat' dir='ltr'><strong>servare,</strong></span> <span class='ocrx_word' id='word_1_176' title='bbox 635 2771 694 2832; x_wconf 91' lang='lat' dir='ltr'><strong>pro</strong></span> <span class='ocrx_word' id='word_1_177' title='bbox 716 2771 780 2836; x_wconf 85' lang='lat' dir='ltr'><strong>qua</strong></span> <span class='ocrx_word' id='word_1_178' title='bbox 803 2749 858 2815; x_wconf 91' lang='lat' dir='ltr'><strong>illa</strong></span> <span class='ocrx_word' id='word_1_179' title='bbox 874 2770 1008 2835; x_wconf 82' lang='lat' dir='ltr'><strong>magnus</strong></span> <span class='ocrx_word' id='word_1_180' title='bbox 1032 2751 1188 2812; x_wconf 89' lang='lat' dir='ltr'><strong>mercator</strong></span> <span class='ocrx_word' id='word_1_181' title='bbox 1212 2745 1297 2812; x_wconf 88' lang='lat' dir='ltr'><strong>fudit</strong></span> <span class='ocrx_word' id='word_1_182' title='bbox 1321 2767 1396 2810; x_wconf 89' lang='lat' dir='ltr'><strong>san·</strong></span> 
     </span>
     <span class='ocr_line' id='line_1_23' title="bbox 244 2850 1401 2938; baseline -0.003 -21"><span class='ocrx_word' id='word_1_183' title='bbox 244 2852 487 2938; x_wconf 77' lang='lat' dir='ltr'><strong>guinemarum</strong></span> <span class='ocrx_word' id='word_1_184' title='bbox 521 2855 554 2916; x_wconf 87' lang='lat' dir='ltr'><strong>et</strong></span> <span class='ocrx_word' id='word_1_185' title='bbox 577 2875 642 2918; x_wconf 87' lang='lat' dir='ltr'><strong>esse</strong></span> <span class='ocrx_word' id='word_1_186' title='bbox 674 2853 712 2919; x_wconf 91' lang='lat' dir='ltr'><strong>de</strong></span> <span class='ocrx_word' id='word_1_187' title='bbox 735 2877 866 2921; x_wconf 89' lang='lat' dir='ltr'><strong>numero</strong></span> <span class='ocrx_word' id='word_1_188' title='bbox 890 2853 1103 2930; x_wconf 90' lang='lat' dir='ltr'><strong>enuoborum‚</strong></span> <span class='ocrx_word' id='word_1_189' title='bbox 1137 2871 1217 2937; x_wconf 87' lang='lat' dir='ltr'><strong>quos</strong></span> <span class='ocrx_word' id='word_1_190' title='bbox 1242 2850 1401 2916; x_wconf 82' lang='lat' dir='ltr'><strong>castravit</strong></span> 
     </span>
     <span class='ocr_line' id='line_1_24' title="bbox 245 2954 1400 3044; baseline 0.001 -23"><span class='ocrx_word' id='word_1_191' title='bbox 245 2979 308 3023; x_wconf 90' lang='lat' dir='ltr'><strong>non</strong></span> <span class='ocrx_word' id='word_1_192' title='bbox 332 2957 502 3022; x_wconf 77' lang='lat' dir='ltr'><strong>necessitas</strong></span> <span class='ocrx_word' id='word_1_193' title='bbox 524 2958 578 3023; x_wconf 85' lang='lat' dir='ltr'><strong>sed</strong></span> <span class='ocrx_word' id='word_1_194' title='bbox 601 2957 704 3024; x_wconf 83' lang='lat' dir='ltr'><strong>libero</strong></span> <span class='ocrx_word' id='word_1_195' title='bbox 726 2958 907 3026; x_wconf 78' lang='lat' dir='ltr'><strong>voluntas‘.</strong></span> <span class='ocrx_word' id='word_1_196' title='bbox 954 2957 1014 3024; x_wconf 83' lang='lat' dir='ltr'><strong>Sed</strong></span> <span class='ocrx_word' id='word_1_197' title='bbox 1038 2978 1101 3044; x_wconf 90' lang='lat' dir='ltr'><strong>quo</strong></span> <span class='ocrx_word' id='word_1_198' title='bbox 1124 2955 1273 3040; x_wconf 80' lang='lat' dir='ltr'><strong>fugiam?</strong></span> <span class='ocrx_word' id='word_1_199' title='bbox 1296 2954 1400 3022; x_wconf 86' lang='lat' dir='ltr'><strong>Video</strong></span> 
     </span>
     <span class='ocr_line' id='line_1_25' title="bbox 245 3061 1400 3150; baseline -0.002 -22"><span class='ocrx_word' id='word_1_200' title='bbox 245 3084 384 3128; x_wconf 89' lang='lat' dir='ltr'><strong>sororem</strong></span> <span class='ocrx_word' id='word_1_201' title='bbox 408 3064 440 3127; x_wconf 92' lang='lat' dir='ltr'><strong>in</strong></span> <span class='ocrx_word' id='word_1_202' title='bbox 464 3064 573 3144; x_wconf 88' lang='lat' dir='ltr'><strong>domo,</strong></span> <span class='ocrx_word' id='word_1_203' title='bbox 605 3064 659 3132; x_wconf 89' lang='lat' dir='ltr'><strong>sed</strong></span> <span class='ocrx_word' id='word_1_204' title='bbox 682 3087 753 3130; x_wconf 88' lang='lat' dir='ltr'><strong>oum</strong></span> <span class='ocrx_word' id='word_1_205' title='bbox 776 3086 872 3150; x_wconf 83' lang='lat' dir='ltr'><strong>cogor</strong></span> <span class='ocrx_word' id='word_1_206' title='bbox 895 3063 980 3130; x_wconf 70' lang='lat' dir='ltr'><strong>illa⁶</strong></span> <span class='ocrx_word' id='word_1_207' title='bbox 1003 3084 1131 3129; x_wconf 90' lang='lat' dir='ltr'><strong>eernere</strong></span> <span class='ocrx_word' id='word_1_208' title='bbox 1153 3061 1250 3140; x_wconf 89' lang='lat' dir='ltr'><strong>alias,</strong></span> <span class='ocrx_word' id='word_1_209' title='bbox 1284 3063 1400 3128; x_wconf 85' lang='lat' dir='ltr'><strong>ancille</strong></span> 
     </span>
     <span class='ocr_line' id='line_1_26' title="bbox 245 3166 1478 3255; baseline 0.001 -24"><span class='ocrx_word' id='word_1_210' title='bbox 245 3172 330 3246; x_wconf 84' lang='lat' dir='ltr'><strong>sunt,</strong></span> <span class='ocrx_word' id='word_1_211' title='bbox 354 3166 404 3232; x_wconf 95' lang='lat' dir='ltr'><strong>illi</strong></span> <span class='ocrx_word' id='word_1_212' title='bbox 419 3173 451 3233; x_wconf 89' lang='lat' dir='ltr'><strong>et</strong></span> <span class='ocrx_word' id='word_1_213' title='bbox 467 3168 573 3234; x_wconf 89' lang='lat' dir='ltr'><strong>domui</strong></span> <span class='ocrx_word' id='word_1_214' title='bbox 590 3169 621 3235; x_wconf 91' lang='lat' dir='ltr'><strong>in</strong></span> <span class='ocrx_word' id='word_1_215' title='bbox 638 3171 835 3255; x_wconf 86' lang='lat' dir='ltr'><strong>obsequium,</strong></span> <span class='ocrx_word' id='word_1_216' title='bbox 857 3169 910 3234; x_wconf 90' lang='lat' dir='ltr'><strong>sed</strong></span> <span class='ocrx_word' id='word_1_217' title='bbox 934 3167 1013 3234; x_wconf 91' lang='lat' dir='ltr'><strong>mihi</strong></span> <span class='ocrx_word' id='word_1_218' title='bbox 1036 3168 1069 3232; x_wconf 91' lang='lat' dir='ltr'><strong>in</strong></span> <span class='ocrx_word' id='word_1_219' title='bbox 1086 3167 1222 3245; x_wconf 86' lang='lat' dir='ltr'><strong>ruinam,</strong></span> <span class='ocrx_word' id='word_1_220' title='bbox 1239 3171 1273 3230; x_wconf 94' lang='lat' dir='ltr'><strong>et</strong></span> <span class='ocrx_word' id='word_1_221' title='bbox 1295 3189 1399 3252; x_wconf 87' lang='lat' dir='ltr'><strong>quan·</strong></span> <span class='ocrx_word' id='word_1_222' title='bbox 1477 3213 1478 3222; x_wconf 36' lang='grc' dir='ltr'>ι</span> 
     </span>
     <span class='ocr_line' id='line_1_27' title="bbox 247 3270 1399 3360; baseline -0.001 -22"><span class='ocrx_word' id='word_1_223' title='bbox 247 3279 316 3338; x_wconf 89' lang='lat' dir='ltr'><strong>tum</strong></span> <span class='ocrx_word' id='word_1_224' title='bbox 339 3273 432 3338; x_wconf 85' lang='lat' dir='ltr'><strong>vilior</strong></span> <span class='ocrx_word' id='word_1_225' title='bbox 456 3295 561 3338; x_wconf 88' lang='lat' dir='ltr'><strong>earum</strong></span> <span class='ocrx_word' id='word_1_226' title='bbox 586 3275 739 3354; x_wconf 84' lang='lat' dir='ltr'><strong>condicio,</strong></span> <span class='ocrx_word' id='word_1_227' title='bbox 761 3278 852 3340; x_wconf 85' lang='lat' dir='ltr'><strong>tanto</strong></span> <span class='ocrx_word' id='word_1_228' title='bbox 869 3273 995 3339; x_wconf 86' lang='lat' dir='ltr'><strong>fecilior</strong></span> <span class='ocrx_word' id='word_1_229' title='bbox 1011 3276 1059 3338; x_wconf 88' lang='lat' dir='ltr'><strong>est</strong></span> <span class='ocrx_word' id='word_1_230' title='bbox 1075 3272 1168 3336; x_wconf 88' lang='lat' dir='ltr'><strong>ruina</strong></span> <span class='ocrx_word' id='word_1_231' title='bbox 1181 3321 1187 3334; x_wconf 92' lang='lat'><strong>.</strong></span> <span class='ocrx_word' id='word_1_232' title='bbox 1201 3320 1207 3333; x_wconf 94' lang='lat'><strong>.</strong></span> <span class='ocrx_word' id='word_1_233' title='bbox 1221 3320 1247 3336; x_wconf 92' lang='lat'><strong>..</strong></span> <span class='ocrx_word' id='word_1_234' title='bbox 1267 3270 1308 3358; x_wconf 84' lang='lat' dir='ltr'><strong>[f.</strong></span> <span class='ocrx_word' id='word_1_235' title='bbox 1320 3271 1399 3360; x_wconf 82' lang='lat'>251]</span> 
     </span>
     <span class='ocr_line' id='line_1_28' title="bbox 247 3377 1402 3465; baseline 0.001 -21"><span class='ocrx_word' id='word_1_236' title='bbox 247 3379 421 3464; x_wconf 81' lang='lat' dir='ltr'><strong>Propterea</strong></span> <span class='ocrx_word' id='word_1_237' title='bbox 443 3379 612 3445; x_wconf 85' lang='lat' dir='ltr'><strong>attrabunt</strong></span> <span class='ocrx_word' id='word_1_238' title='bbox 635 3402 686 3446; x_wconf 91' lang='lat' dir='ltr'><strong>me</strong></span> <span class='ocrx_word' id='word_1_239' title='bbox 710 3380 843 3465; x_wconf 88' lang='lat' dir='ltr'><strong>quedam</strong></span> <span class='ocrx_word' id='word_1_240' title='bbox 867 3379 905 3444; x_wconf 83' lang='lat' dir='ltr'><strong>ad</strong></span> <span class='ocrx_word' id='word_1_241' title='bbox 924 3378 1153 3443; x_wconf 87' lang='lat' dir='ltr'><strong>monasterium</strong></span> <span class='ocrx_word' id='word_1_242' title='bbox 1170 3381 1202 3442; x_wconf 89' lang='lat' dir='ltr'><strong>et</strong></span> <span class='ocrx_word' id='word_1_243' title='bbox 1229 3377 1402 3444; x_wconf 85' lang='lat' dir='ltr'><strong>retrahunt</strong></span> 
     </span>
     <span class='ocr_line' id='line_1_29' title="bbox 248 3481 1478 3572; baseline -0.002 -21"><span class='ocrx_word' id='word_1_244' title='bbox 248 3508 298 3551; x_wconf 88' lang='lat' dir='ltr'><strong>me</strong></span> <span class='ocrx_word' id='word_1_245' title='bbox 320 3484 428 3569; x_wconf 88' lang='lat' dir='ltr'><strong>aliqua</strong></span> <span class='ocrx_word' id='word_1_246' title='bbox 451 3505 470 3548; x_wconf 92' lang='lat' dir='ltr'><strong>a</strong></span> <span class='ocrx_word' id='word_1_247' title='bbox 492 3483 655 3570; x_wconf 75' lang='lat' dir='ltr'><strong>religione.</strong></span> <span class='ocrx_word' id='word_1_248' title='bbox 713 3485 893 3551; x_wconf 87' lang='lat' dir='ltr'><strong>Attrahunt</strong></span> <span class='ocrx_word' id='word_1_249' title='bbox 920 3505 970 3548; x_wconf 89' lang='lat' dir='ltr'><strong>me</strong></span> <span class='ocrx_word' id='word_1_250' title='bbox 1001 3484 1157 3549; x_wconf 87' lang='lat' dir='ltr'><strong>bonorum</strong></span> <span class='ocrx_word' id='word_1_251' title='bbox 1192 3481 1399 3572; x_wconf 88' lang='lat' dir='ltr'><strong>societa[te]s.</strong></span> <span class='ocrx_word' id='word_1_252' title='bbox 1477 3495 1478 3504; x_wconf 77' lang='grc'>’</span> 
     </span>
     <span class='ocr_line' id='line_1_30' title="bbox 247 3587 1400 3674; baseline 0 -18"><span class='ocrx_word' id='word_1_253' title='bbox 247 3590 335 3656; x_wconf 83' lang='lat' dir='ltr'><strong>Talis</strong></span> <span class='ocrx_word' id='word_1_254' title='bbox 358 3589 443 3654; x_wconf 87' lang='lat' dir='ltr'><strong>enim</strong></span> <span class='ocrx_word' id='word_1_255' title='bbox 475 3588 569 3654; x_wconf 88' lang='lat' dir='ltr'><strong>bomo</strong></span> <span class='ocrx_word' id='word_1_256' title='bbox 591 3588 743 3668; x_wconf 84' lang='lat' dir='ltr'><strong>efficitur,</strong></span> <span class='ocrx_word' id='word_1_257' title='bbox 778 3590 920 3674; x_wconf 89' lang='lat' dir='ltr'><strong>qualium</strong></span> <span class='ocrx_word' id='word_1_258' title='bbox 943 3590 1094 3654; x_wconf 90' lang='lat' dir='ltr'><strong>societate</strong></span> <span class='ocrx_word' id='word_1_259' title='bbox 1120 3587 1251 3654; x_wconf 82' lang='lat' dir='ltr'><strong>fruitur.</strong></span> <span class='ocrx_word' id='word_1_260' title='bbox 1300 3589 1400 3656; x_wconf 85' lang='lat' dir='ltr'><strong>Video</strong></span> 
     </span>
     <span class='ocr_line' id='line_1_31' title="bbox 248 3693 1400 3779; baseline 0 -19"><span class='ocrx_word' id='word_1_261' title='bbox 248 3698 281 3762; x_wconf 90' lang='lat' dir='ltr'><strong>in</strong></span> <span class='ocrx_word' id='word_1_262' title='bbox 306 3693 455 3761; x_wconf 87' lang='lat' dir='ltr'><strong>claustris</strong></span> <span class='ocrx_word' id='word_1_263' title='bbox 471 3693 653 3758; x_wconf 86' lang='lat' dir='ltr'><strong>reformatis</strong></span> <span class='ocrx_word' id='word_1_264' title='bbox 671 3694 802 3759; x_wconf 86' lang='lat' dir='ltr'><strong>celestes</strong></span> <span class='ocrx_word' id='word_1_265' title='bbox 818 3694 963 3760; x_wconf 89' lang='lat' dir='ltr'><strong>homines</strong></span> <span class='ocrx_word' id='word_1_266' title='bbox 978 3698 1035 3758; x_wconf 92' lang='lat' dir='ltr'><strong>aut</strong></span> <span class='ocrx_word' id='word_1_267' title='bbox 1050 3694 1161 3779; x_wconf 91' lang='lat' dir='ltr'><strong>pocius</strong></span> <span class='ocrx_word' id='word_1_268' title='bbox 1185 3694 1317 3779; x_wconf 80' lang='lat' dir='ltr'><strong>angelos</strong></span> <span class='ocrx_word' id='word_1_269' title='bbox 1336 3701 1400 3762; x_wconf 86' lang='lat' dir='ltr'><strong>ter·</strong></span> 
     </span>
     <span class='ocr_line' id='line_1_32' title="bbox 249 3797 1400 3884; baseline -0.002 -18"><span class='ocrx_word' id='word_1_270' title='bbox 249 3803 385 3878; x_wconf 78' lang='lat' dir='ltr'><strong>rosires,</strong></span> <span class='ocrx_word' id='word_1_271' title='bbox 416 3821 551 3884; x_wconf 90' lang='lat' dir='ltr'><strong>quorum</strong></span> <span class='ocrx_word' id='word_1_272' title='bbox 583 3799 783 3864; x_wconf 83' lang='lat' dir='ltr'><strong>conversacio</strong></span> <span class='ocrx_word' id='word_1_273' title='bbox 806 3804 854 3863; x_wconf 87' lang='lat' dir='ltr'><strong>est</strong></span> <span class='ocrx_word' id='word_1_274' title='bbox 887 3797 1038 3879; x_wconf 89' lang='lat' dir='ltr'><strong>incelis,</strong></span> <span class='ocrx_word' id='word_1_275' title='bbox 1062 3797 1117 3884; x_wconf 91' lang='lat' dir='ltr'><strong>qui</strong></span> <span class='ocrx_word' id='word_1_276' title='bbox 1140 3801 1278 3882; x_wconf 88' lang='lat' dir='ltr'><strong>quadam</strong></span> <span class='ocrx_word' id='word_1_277' title='bbox 1300 3801 1400 3867; x_wconf 90' lang='lat' dir='ltr'><strong>nobili</strong></span> 
     </span>
    </p>
   </div>
   <div class='ocr_carea' id='block_1_5' title="bbox 249 3903 1402 4049">
    <p class='ocr_par' dir='ltr' id='par_1_6' title="bbox 249 3903 1402 4049">
     <span class='ocr_line' id='line_1_33' title="bbox 249 3903 1402 3991; baseline 0 -20"><span class='ocrx_word' id='word_1_278' title='bbox 249 3905 399 3991; x_wconf 89' lang='lat' dir='ltr'><strong>superbia</strong></span> <span class='ocrx_word' id='word_1_279' title='bbox 425 3903 604 3988; x_wconf 88' lang='lat' dir='ltr'><strong>despiciunt</strong></span> <span class='ocrx_word' id='word_1_280' title='bbox 628 3903 762 3969; x_wconf 89' lang='lat' dir='ltr'><strong>honores</strong></span> <span class='ocrx_word' id='word_1_281' title='bbox 796 3909 828 3969; x_wconf 94' lang='lat' dir='ltr'><strong>et</strong></span> <span class='ocrx_word' id='word_1_282' title='bbox 850 3904 981 3969; x_wconf 87' lang='lat' dir='ltr'><strong>divicias</strong></span> <span class='ocrx_word' id='word_1_283' title='bbox 1003 3904 1098 3970; x_wconf 81' lang='lat' dir='ltr'><strong>huius</strong></span> <span class='ocrx_word' id='word_1_284' title='bbox 1121 3905 1230 3970; x_wconf 88' lang='lat' dir='ltr'><strong>mundi</strong></span> <span class='ocrx_word' id='word_1_285' title='bbox 1244 3956 1336 3972; x_wconf 88' lang='grc'><strong>.....</strong></span> <span class='ocrx_word' id='word_1_286' title='bbox 1363 3905 1402 3972; x_wconf 76' lang='lat' dir='ltr'><strong>Et</strong></span> 
     </span>
     <span class='ocr_line' id='line_1_34' title="bbox 816 4008 834 4049; baseline 0 0"><span class='ocrx_word' id='word_1_287' title='bbox 816 4008 834 4049; x_wconf 73' lang='lat' dir='ltr'><strong>e</strong></span> 
     </span>
    </p>
   </div>
   <div class='ocr_carea' id='block_1_6' title="bbox 250 4094 1400 4330">
    <p class='ocr_par' dir='ltr' id='par_1_7' title="bbox 250 4094 1400 4330">
     <span class='ocr_line' id='line_1_35' title="bbox 323 4094 1398 4167; baseline -0.002 -15"><span class='ocrx_word' id='word_1_288' title='bbox 323 4101 334 4152; x_wconf 89' lang='lat' dir='ltr'><strong>l</strong></span> <span class='ocrx_word' id='word_1_289' title='bbox 356 4097 392 4151; x_wconf 85' lang='lat' dir='ltr'><strong>Ea</strong></span> <span class='ocrx_word' id='word_1_290' title='bbox 401 4096 439 4151; x_wconf 88' lang='lat' dir='ltr'><strong>iat</strong></span> <span class='ocrx_word' id='word_1_291' title='bbox 452 4096 587 4152; x_wconf 84' lang='lat' dir='ltr'><strong>vielmehr</strong></span> <span class='ocrx_word' id='word_1_292' title='bbox 596 4096 817 4167; x_wconf 87' lang='lat' dir='ltr'><strong>Pseudoprosper</strong></span> <span class='ocrx_word' id='word_1_293' title='bbox 830 4096 858 4165; x_wconf 85' lang='lat' dir='ltr'><strong>(J</strong></span> <span class='ocrx_word' id='word_1_294' title='bbox 860 4095 933 4151; x_wconf 86' lang='lat' dir='ltr'><strong>nlius</strong></span> <span class='ocrx_word' id='word_1_295' title='bbox 946 4095 1102 4166; x_wconf 87' lang='lat' dir='ltr'><strong>Pomerius)</strong></span> <span class='ocrx_word' id='word_1_296' title='bbox 1110 4113 1132 4152; x_wconf 85' lang='lat' dir='ltr'><strong>s.</strong></span> <span class='ocrx_word' id='word_1_297' title='bbox 1144 4094 1398 4158; x_wconf 61' lang='lat' dir='ltr'><strong>Fabricius-ilaue¹</strong></span> 
     </span>
     <span class='ocr_line' id='line_1_36' title="bbox 251 4181 1400 4256; baseline 0.001 -17"><span class='ocrx_word' id='word_1_298' title='bbox 251 4185 426 4241; x_wconf 89' lang='lat' dir='ltr'><strong>Bibliotheca</strong></span> <span class='ocrx_word' id='word_1_299' title='bbox 443 4182 476 4249; x_wconf 86' lang='lat' dir='ltr'><strong>V,</strong></span> <span class='ocrx_word' id='word_1_300' title='bbox 495 4183 556 4251; x_wconf 79' lang='lat'><strong>321,</strong></span> <span class='ocrx_word' id='word_1_301' title='bbox 575 4183 712 4256; x_wconf 79' lang='lat' dir='ltr'><strong>gedraolrt</strong></span> <span class='ocrx_word' id='word_1_302' title='bbox 728 4183 775 4240; x_wconf 88' lang='lat' dir='ltr'><strong>bei</strong></span> <span class='ocrx_word' id='word_1_303' title='bbox 793 4183 904 4255; x_wconf 77' lang='lat' dir='ltr'><strong>Migne,</strong></span> <span class='ocrx_word' id='word_1_304' title='bbox 932 4181 1096 4254; x_wconf 80' lang='lat' dir='ltr'><strong>Patrologie</strong></span> <span class='ocrx_word' id='word_1_305' title='bbox 1114 4183 1208 4240; x_wconf 91' lang='lat' dir='ltr'><strong>latina</strong></span> <span class='ocrx_word' id='word_1_306' title='bbox 1225 4185 1255 4238; x_wconf 87' lang='lat' dir='ltr'><strong>T.</strong></span> <span class='ocrx_word' id='word_1_307' title='bbox 1270 4183 1340 4248; x_wconf 84' lang='lat' dir='ltr'><strong>LIX,</strong></span> <span class='ocrx_word' id='word_1_308' title='bbox 1359 4203 1400 4240; x_wconf 80' lang='lat' dir='ltr'><strong>wo</strong></span> 
     </span>
     <span class='ocr_line' id='line_1_37' title="bbox 250 4271 1400 4330; baseline -0.001 -3"><span class='ocrx_word' id='word_1_309' title='bbox 250 4273 295 4327; x_wconf 90' lang='lat' dir='ltr'><strong>ich</strong></span> <span class='ocrx_word' id='word_1_310' title='bbox 314 4272 382 4327; x_wconf 83' lang='lat' dir='ltr'><strong>aber</strong></span> <span class='ocrx_word' id='word_1_311' title='bbox 400 4289 483 4328; x_wconf 85' lang='lat' dir='ltr'><strong>unsre</strong></span> <span class='ocrx_word' id='word_1_312' title='bbox 501 4272 583 4328; x_wconf 87' lang='lat' dir='ltr'><strong>stelle</strong></span> <span class='ocrx_word' id='word_1_313' title='bbox 603 4272 682 4328; x_wconf 89' lang='lat' dir='ltr'><strong>nieht</strong></span> <span class='ocrx_word' id='word_1_314' title='bbox 694 4273 775 4329; x_wconf 82' lang='lat' dir='ltr'><strong>finde.</strong></span> <span class='ocrx_word' id='word_1_315' title='bbox 815 4275 871 4329; x_wconf 87' lang='lat' dir='ltr'><strong>Daa</strong></span> <span class='ocrx_word' id='word_1_316' title='bbox 889 4274 960 4328; x_wconf 85' lang='lat' dir='ltr'><strong>citat</strong></span> <span class='ocrx_word' id='word_1_317' title='bbox 973 4273 1057 4328; x_wconf 82' lang='lat' dir='ltr'><strong>kehrt</strong></span> <span class='ocrx_word' id='word_1_318' title='bbox 1077 4275 1162 4330; x_wconf 87' lang='lat' dir='ltr'><strong>untsn</strong></span> <span class='ocrx_word' id='word_1_319' title='bbox 1182 4289 1224 4328; x_wconf 89' lang='lat' dir='ltr'><strong>nr.</strong></span> <span class='ocrx_word' id='word_1_320' title='bbox 1238 4271 1273 4329; x_wconf 88' lang='lat' dir='ltr'><strong>o8</strong></span> <span class='ocrx_word' id='word_1_321' title='bbox 1292 4273 1400 4330; x_wconf 80' lang='lat' dir='ltr'><strong>wieder.</strong></span> 
     </span>
    </p>
   </div>
   <div class='ocr_carea' id='block_1_7' title="bbox 250 4359 1399 4516">
    <p class='ocr_par' dir='ltr' id='par_1_8' title="bbox 250 4359 1399 4516">
     <span class='ocr_line' id='line_1_38' title="bbox 250 4359 1399 4431; baseline -0.001 -16"><span class='ocrx_word' id='word_1_322' title='bbox 250 4361 267 4415; x_wconf 85' lang='lat'>2</span> <span class='ocrx_word' id='word_1_323' title='bbox 286 4359 313 4413; x_wconf 85' lang='lat' dir='ltr'><strong>S.</strong></span> <span class='ocrx_word' id='word_1_324' title='bbox 333 4359 628 4425; x_wconf 60' lang='lat' dir='ltr'><strong>medantensium.</strong></span> <span class='ocrx_word' id='word_1_325' title='bbox 648 4377 669 4414; x_wconf 88' lang='lat' dir='ltr'><strong>a.</strong></span> <span class='ocrx_word' id='word_1_326' title='bbox 688 4377 714 4414; x_wconf 82' lang='lat' dir='ltr'><strong>r.</strong></span> <span class='ocrx_word' id='word_1_327' title='bbox 766 4361 783 4416; x_wconf 84' lang='lat'><strong>3</strong></span> <span class='ocrx_word' id='word_1_328' title='bbox 805 4361 829 4416; x_wconf 92' lang='lat'><strong>1.</strong></span> <span class='ocrx_word' id='word_1_329' title='bbox 848 4359 1016 4426; x_wconf 54' lang='lat' dir='ltr'><strong>Corinth&amp;</strong></span> <span class='ocrx_word' id='word_1_330' title='bbox 1040 4361 1081 4416; x_wconf 78' lang='lat'><strong>18.</strong></span> <span class='ocrx_word' id='word_1_331' title='bbox 1140 4365 1156 4416; x_wconf 78' lang='grc'><strong>4</strong></span> <span class='ocrx_word' id='word_1_332' title='bbox 1176 4359 1241 4431; x_wconf 79' lang='lat' dir='ltr'><strong>Vgl.</strong></span> <span class='ocrx_word' id='word_1_333' title='bbox 1256 4360 1399 4416; x_wconf 78' lang='lat' dir='ltr'><strong>ldattbtue</strong></span> 
     </span>
     <span class='ocr_line' id='line_1_39' title="bbox 254 4445 812 4516; baseline -0.004 -12"><span class='ocrx_word' id='word_1_334' title='bbox 254 4449 293 4512; x_wconf 78' lang='lat'><strong>19.</strong></span> <span class='ocrx_word' id='word_1_335' title='bbox 315 4447 355 4503; x_wconf 78' lang='lat'><strong>12.</strong></span> <span class='ocrx_word' id='word_1_336' title='bbox 428 4449 546 4504; x_wconf 76' lang='lat' dir='ltr'><strong>tatatt:</strong></span> <span class='ocrx_word' id='word_1_337' title='bbox 569 4464 631 4502; x_wconf 85' lang='lat' dir='ltr'><strong>oum</strong></span> <span class='ocrx_word' id='word_1_338' title='bbox 653 4445 706 4502; x_wconf 80' lang='lat' dir='ltr'><strong>illa</strong></span> <span class='ocrx_word' id='word_1_339' title='bbox 722 4463 812 4516; x_wconf 75' lang='lat' dir='ltr'><strong>cogor.</strong></span> 
     </span>
    </p>
   </div>
   <div class='ocr_carea' id='block_1_8' title="bbox 0 0 1509 5060">
    <p class='ocr_par' dir='ltr' id='par_1_9' title="bbox 0 0 1509 5060">
     <span class='ocr_line' id='line_1_40' title="bbox 0 0 1509 5060; baseline 0 0"><span class='ocrx_word' id='word_1_340' title='bbox 0 0 1509 5060; x_wconf 95' lang='lat' dir='ltr'><strong> </strong></span> 
     </span>
    </p>
   </div>
  </div>
 </body>
</html>
