3062 5068
653 425 717 491 193

84 601 247 686 periaiem
270 601 349 667 adiit
372 602 405 666 iu
430 623 534 680 eausa,
558 607 595 667 ut
609 604 638 668 d.
652 624 681 668 v.
705 603 774 680 soit,
799 603 883 668 iuter
908 603 1011 686 ipsum
1028 609 1059 667 et
1076 601 1248 667 Amoltum

84 709 127 772 de
151 706 230 794 ‘Pyt
253 713 367 774 eontra
390 706 510 793 quem¹
541 708 792 792 appellaoiouem
815 729 905 773 snam
930 707 1152 791 interpositam
1175 727 1250 790 pro·

85 813 183 898 sequi
208 813 381 896 pretendit,
429 813 533 878 Audio
566 835 683 897 paucos
705 815 846 899 reperire
868 813 987 878 ibidem
1010 812 1169 892 fautores,
1192 811 1250 875 ha-

85 917 183 982 bebit
206 939 314 984 aerem
340 919 556 992 aduersarium
583 943 640 1004 per
663 921 827 1005 prefatam
844 919 1091 986 dominationem
1117 919 1252 983 eonduc-

86 1029 182 1102 tum,
206 1022 334 1090 Niooiai
358 1023 494 1090 Pistoris
524 1025 660 1090 nomine.
708 1024 816 1104 Pauci,
841 1029 879 1088 at
902 1023 988 1089 fama
1009 1023 1084 1102 fert,
1106 1024 1138 1086 in
1163 1022 1252 1087 ouria

87 1128 257 1212 imperiali
292 1134 481 1214 supersunt,
513 1129 570 1215 qui
602 1130 664 1195 sibi
692 1130 812 1195 auxilio
847 1134 880 1194 et
903 1128 1010 1195 favore
1033 1127 1251 1202 adherebunt;

89 1255 249 1318 quorsum
273 1236 331 1300 hee
355 1237 483 1315 radant,
508 1237 671 1302 audiemus
694 1259 751 1302 suo
775 1243 927 1320 tempore.

185 1339 225 1406 a.
249 1346 350 1424 pater.
383 1341 452 1406 Emi
470 1363 489 1406 a
507 1343 642 1427 quodam
660 1343 788 1408 nomine
803 1342 984 1407 Bemardus
1007 1343 1045 1406 de
1065 1339 1251 1425 Merdiugen

91 1451 174 1528 aput
199 1447 407 1529 impressores
423 1446 523 1512 Rome
544 1449 577 1512 in
603 1448 695 1514 domo
711 1447 799 1513 Petri
822 1449 861 1513 de
875 1446 1022 1512 Maximis
1042 1445 1250 1522 laborantem,
1382 1490 1385 1495 -

93 1551 171 1615 dum
198 1551 345 1633 proxima
366 1556 451 1618 etate
475 1553 528 1618 hio
550 1559 618 1618 erat
631 1553 864 1639 Nuremberge‚
889 1553 1040 1638 quosdam
1058 1551 1156 1616 libros
1172 1549 1250 1614 mihi

93 1661 226 1738 gratos,
257 1663 291 1722 et
324 1658 409 1722 inter
437 1658 518 1723 alios
548 1659 580 1724 iu
604 1659 832 1725 commentario
855 1657 977 1723 Cesaris
1001 1656 1033 1720 iu
1058 1655 1136 1721 folio
1158 1654 1251 1719 unioo

92 1781 200 1840 careo,
224 1767 260 1826 et
281 1760 462 1849 polio[i]tus
485 1769 562 1830 tune
585 1770 664 1843 erat,
688 1764 768 1829 iliud
792 1763 982 1850 quantocius
1006 1762 1143 1840 mittere,
1167 1760 1250 1846 quod

96 1873 128 1930 et
153 1867 296 1932 noudum
320 1866 432 1934 feoit².
480 1869 580 1954 Rogo,
606 1871 635 1936 d.
659 1892 689 1936 v.
713 1874 839 1936 tautum
854 1869 974 1934 laboris
996 1889 1056 1953 pro
1072 1889 1122 1931 me
1144 1866 1252 1931 subire

97 1971 180 2035 velit
203 1976 236 2035 et
259 1973 428 2056 epistulam
453 1975 593 2059 presenti
609 1976 775 2061 alligatam
798 1977 901 2040 faeere
926 1978 1120 2058 presentare,
1144 1976 1182 2036 ut
1203 1972 1252 2035 fo-

95 2074 177 2140 lium
201 2077 233 2141 id
255 2078 379 2144 salvum
403 2101 474 2145 oum
498 2082 644 2165 proximo
666 2085 836 2147 oeeurente
852 2081 971 2159 mittat,
994 2083 1031 2142 ut
1054 2099 1091 2142 eo
1113 2097 1249 2141 eommo-

96 2179 169 2245 dius
193 2179 296 2267 ligare
318 2187 451 2251 eundem
474 2187 592 2270 possim
616 2187 744 2254 librum.

575 2394 783 2404 ———--——

642 2550 705 2625 91.

94 2669 291 2744 Hermann
313 2669 466 2748 Schedel
494 2695 542 2746 an
564 2675 672 2748 einen
687 2672 942 2768 Angsburger.
985 2672 1034 2770 [N
1038 2673 1252 2766 umbergd)

614 2797 739 2892 14721.

449 2952 511 3008 aa.
531 2953 584 3008 aas
602 2953 620 3008 r.
640 2951 715 3009 ara.
750 2951 873 3021 canape
885 2949 904 3004 ¹.

155 3082 263 3147 Plan
287 3079 363 3144 der
386 3079 719 3162 verheiratuug
740 3075 966 3140 Hartmanu
990 3071 1200 3138 Sohadels.

186 3219 344 3286 Convenit
367 3241 416 3284 me
442 3218 545 3303 pridie
569 3217 622 3284 bio
645 3219 772 3306 quidem
795 3213 1007 3301 Augustensis
1029 3213 1193 3300 inquirens
1216 3215 1254 3280 de

99 3325 341 3394 condicionibus
364 3331 396 3388 et
406 3329 492 3388 statu
509 3324 617 3408 patrui
641 3323 703 3387 mei
719 3323 857 3388 doctoris
872 3317 1103 3408 Hart[manni]‚
1128 3324 1160 3384 et
1182 3325 1254 3383 tan-

98 3433 181 3512 dem,
207 3453 247 3495 an
271 3430 378 3495 subire
393 3431 634 3496 matrimonium
656 3429 870 3513 pretenderet,
895 3427 1101 3512 perquirebat
1125 3433 1157 3491 et
1181 3431 1255 3510 post

100 3538 205 3603 multa
228 3540 262 3600 et
283 3557 354 3600 eum
378 3535 463 3599 nihil
486 3536 524 3599 de
539 3535 678 3600 ineundo
700 3557 757 3619 per
774 3556 845 3599 eum
863 3533 1068 3599 matrimonio
1084 3536 1254 3610 evastaret,

98 3665 170 3708 eum
193 3661 370 3725 numquam
407 3639 444 3704 de
467 3639 527 3704 hoo
551 3639 680 3704 verbum
703 3638 834 3724 aliquod
866 3643 922 3702 aut
946 3637 1099 3721 seriptum
1123 3637 1255 3720 abipso

98 3745 298 3832 aroepmim,
332 3745 498 3811 subiunxit
520 3751 639 3831 postea,
672 3767 738 3810 esee
760 3744 908 3829 Auguste
929 3743 1088 3826 virginem
1111 3743 1255 3826 pulcram

99 3852 244 3919 honestis
279 3851 467 3935 parentibus
500 3853 642 3936 genitam
667 3855 744 3930 eto,
780 3870 897 3914 nomen
920 3848 1057 3931 virginis
1078 3847 1255 3924 obtieendo‚

669 3971 687 4010 re

171 4063 185 4116 l
205 4059 265 4118 eod.
283 4075 379 4130 quam.
461 4057 478 4111 d
498 4057 533 4112 Ee
552 4057 619 4112 wird
640 4057 690 4113 dar
708 4057 796 4112 druek
814 4057 861 4112 des
883 4053 1084 4110 Schweinbaim
1103 4051 1159 4106 und
1183 4051 1254 4105 Pau·

100 4153 190 4213 namu,
212 4150 280 4205 1469
298 4148 356 4203 mai
373 4145 424 4200 Xil
443 4147 473 4201 iu
492 4147 575 4204 domo
587 4145 664 4201 Petri
682 4143 717 4201 de
737 4143 865 4200 Maximis
884 4143 1013 4216 [Paneas
1032 4141 1155 4196 Annales
1173 4142 1254 4210 typo·

101 4237 230 4309 graphioi
249 4237 284 4300 11,
304 4234 367 4306 411]
386 4233 511 4305 gemeiut
540 4233 607 4299 sein,
633 4251 686 4290 von
714 4233 777 4288 dem
796 4232 841 4287 dia
861 4231 1014 4286 Mdnohuer
1033 4226 1190 4285 bibliothelr
1208 4227 1255 4282 ein

101 4328 163 4382 sehr
183 4325 298 4380 &dues
316 4322 461 4394 exemplar
478 4323 528 4394 [2⁰.
541 4321 597 4380 Ine.
610 4339 632 4378 o
643 4341 669 4379 a.
683 4321 727 4392 21]
747 4321 856 4376 beritat.
910 4321 927 4375 3
946 4318 1029 4374 Stetit
1047 4316 1099 4372 auf
1114 4316 1163 4371 der
1176 4317 1255 4373 ruotr-

103 4415 172 4470 reite
189 4413 240 4470 der
258 4413 330 4470 oben
349 4429 370 4464 a.
395 4413 448 4466 192
466 4415 572 4470 anmt
591 4413 756 4468 eruthuteu
772 4409 943 4476 reineehriit,
963 4406 1073 4463 danaoh
1092 4405 1255 4476 aingereiht,

103 4519 179 4558 wora
200 4501 321 4564 stimmt,
340 4501 406 4556 dass
427 4500 478 4555 der
496 4499 570 4555 briei
587 4517 635 4556 vor
655 4515 697 4553 nr.
715 4497 749 4553 93
768 4498 856 4552 fallen
876 4513 959 4554 mnes.

154 4608 264 4652 umen
1016 4584 1046 4642 13
