<?xml version="1.0" encoding="UTF-8"?>
<!DOCTYPE html PUBLIC "-//W3C//DTD XHTML 1.0 Transitional//EN"
    "http://www.w3.org/TR/xhtml1/DTD/xhtml1-transitional.dtd">
<html xmlns="http://www.w3.org/1999/xhtml" xml:lang="en" lang="en">
 <head>
  <title>
</title>
<meta http-equiv="Content-Type" content="text/html;charset=utf-8" />
  <meta name='ocr-system' content='tesseract 3.04.00' />
  <meta name='ocr-capabilities' content='ocr_page ocr_carea ocr_par ocr_line ocrx_word'/>
</head>
<body>
  <div class='ocr_page' id='page_1' title='image "./hermannschedels00schegoog_0199.png"; bbox 0 0 3062 5068; ppageno 0'>
   <div class='ocr_carea' id='block_1_1' title="bbox 105 839 1281 1188">
    <p class='ocr_par' dir='ltr' id='par_1_1' title="bbox 105 839 1281 1188">
     <span class='ocr_line' id='line_1_1' title="bbox 105 839 1281 939; baseline 0.003 -26"><span class='ocrx_word' id='word_1_1' title='bbox 105 841 319 916; x_wconf 83' lang='lat' dir='ltr'>Hermann</span> <span class='ocrx_word' id='word_1_2' title='bbox 344 839 499 915; x_wconf 86' lang='lat' dir='ltr'><strong>Sohedel</strong></span> <span class='ocrx_word' id='word_1_3' title='bbox 526 864 576 912; x_wconf 91' lang='lat' dir='ltr'><strong>an</strong></span> <span class='ocrx_word' id='word_1_4' title='bbox 604 839 769 913; x_wconf 80' lang='lat' dir='ltr'><strong>Thomas</strong></span> <span class='ocrx_word' id='word_1_5' title='bbox 788 839 1032 915; x_wconf 88' lang='lat' dir='ltr'><strong>Pirkheimer.</strong></span> <span class='ocrx_word' id='word_1_6' title='bbox 1083 841 1281 939; x_wconf 81' lang='lat' dir='ltr'><strong>Nurnberg</strong></span> 
     </span>
     <span class='ocr_line' id='line_1_2' title="bbox 549 961 860 1058; baseline -0.003 -22"><span class='ocrx_word' id='word_1_7' title='bbox 549 964 646 1036; x_wconf 81' lang='lat'>1469</span> <span class='ocrx_word' id='word_1_8' title='bbox 671 964 744 1058; x_wconf 89' lang='lat' dir='ltr'><strong>juli</strong></span> <span class='ocrx_word' id='word_1_9' title='bbox 773 964 819 1036; x_wconf 82' lang='lat'><strong>29</strong></span> <span class='ocrx_word' id='word_1_10' title='bbox 837 961 860 1036; x_wconf 91' lang='lat'><strong>¹.</strong></span> 
     </span>
     <span class='ocr_line' id='line_1_3' title="bbox 401 1115 1002 1188; baseline 0 -16"><span class='ocrx_word' id='word_1_11' title='bbox 401 1117 465 1172; x_wconf 86' lang='lat' dir='ltr'><strong>clm.</strong></span> <span class='ocrx_word' id='word_1_12' title='bbox 483 1117 537 1172; x_wconf 73' lang='lat'><strong>824</strong></span> <span class='ocrx_word' id='word_1_13' title='bbox 556 1117 577 1171; x_wconf 82' lang='lat' dir='ltr'><strong>i.</strong></span> <span class='ocrx_word' id='word_1_14' title='bbox 596 1117 648 1174; x_wconf 78' lang='lat'><strong>285</strong></span> <span class='ocrx_word' id='word_1_15' title='bbox 667 1117 786 1188; x_wconf 75' lang='lat' dir='ltr'><strong>einiape.</strong></span> <span class='ocrx_word' id='word_1_16' title='bbox 826 1115 1002 1172; x_wconf 82' lang='lat' dir='ltr'><strong>Reinscbritt.</strong></span> 
     </span>
    </p>
   </div>
   <div class='ocr_carea' id='block_1_2' title="bbox 111 1240 1280 1431">
    <p class='ocr_par' dir='ltr' id='par_1_2' title="bbox 111 1240 1280 1431">
     <span class='ocr_line' id='line_1_4' title="bbox 111 1240 1280 1328; baseline 0.005 -24"><span class='ocrx_word' id='word_1_17' title='bbox 111 1240 535 1326; x_wconf 81' lang='lat' dir='ltr'><strong>Entschuldigung</strong></span> <span class='ocrx_word' id='word_1_18' title='bbox 574 1243 701 1307; x_wconf 87' lang='lat' dir='ltr'><strong>einer</strong></span> <span class='ocrx_word' id='word_1_19' title='bbox 737 1242 1034 1308; x_wconf 84' lang='lat' dir='ltr'><strong>seberabaftcn</strong></span> <span class='ocrx_word' id='word_1_20' title='bbox 1068 1244 1230 1328; x_wconf 80' lang='lat' dir='ltr'><strong>geldfo</strong></span> <span class='ocrx_word' id='word_1_21' title='bbox 1250 1267 1280 1310; x_wconf 93' lang='lat' dir='ltr'><strong>r·</strong></span> 
     </span>
     <span class='ocr_line' id='line_1_5' title="bbox 620 1347 794 1431; baseline 0.006 -19"><span class='ocrx_word' id='word_1_22' title='bbox 620 1347 794 1431; x_wconf 83' lang='lat' dir='ltr'><strong>derung.</strong></span> 
     </span>
    </p>
   </div>
   <div class='ocr_carea' id='block_1_3' title="bbox 113 1485 1282 3988">
    <p class='ocr_par' dir='ltr' id='par_1_3' title="bbox 113 1485 1282 3988">
     <span class='ocr_line' id='line_1_6' title="bbox 212 1485 1282 1556; baseline 0.004 -4"><span class='ocrx_word' id='word_1_23' title='bbox 212 1485 356 1552; x_wconf 80' lang='lat' dir='ltr'><strong>Salutem</strong></span> <span class='ocrx_word' id='word_1_24' title='bbox 388 1509 459 1552; x_wconf 88' lang='lat' dir='ltr'><strong>cum</strong></span> <span class='ocrx_word' id='word_1_25' title='bbox 488 1486 612 1552; x_wconf 88' lang='lat' dir='ltr'><strong>sincera</strong></span> <span class='ocrx_word' id='word_1_26' title='bbox 641 1488 692 1552; x_wconf 88' lang='lat' dir='ltr'><strong>sui</strong></span> <span class='ocrx_word' id='word_1_27' title='bbox 724 1487 1044 1554; x_wconf 73' lang='lat' dir='ltr'><strong>recommendatione.</strong></span> <span class='ocrx_word' id='word_1_28' title='bbox 1100 1487 1282 1556; x_wconf 84' lang='lat' dir='ltr'><strong>Reverendo</strong></span> 
     </span>
     <span class='ocr_line' id='line_1_7' title="bbox 113 1591 1280 1678; baseline 0.002 -20"><span class='ocrx_word' id='word_1_29' title='bbox 113 1600 227 1676; x_wconf 88' lang='lat' dir='ltr'><strong>pater.</strong></span> <span class='ocrx_word' id='word_1_30' title='bbox 275 1591 382 1659; x_wconf 88' lang='lat' dir='ltr'><strong>Pridie</strong></span> <span class='ocrx_word' id='word_1_31' title='bbox 406 1592 553 1659; x_wconf 89' lang='lat' dir='ltr'><strong>dominus</strong></span> <span class='ocrx_word' id='word_1_32' title='bbox 579 1614 667 1657; x_wconf 88' lang='lat' dir='ltr'><strong>mous</strong></span> <span class='ocrx_word' id='word_1_33' title='bbox 693 1593 794 1658; x_wconf 88' lang='lat' dir='ltr'><strong>sancti</strong></span> <span class='ocrx_word' id='word_1_34' title='bbox 818 1591 974 1658; x_wconf 77' lang='lat' dir='ltr'><strong>sebaldi²</strong></span> <span class='ocrx_word' id='word_1_35' title='bbox 1010 1614 1049 1658; x_wconf 89' lang='lat' dir='ltr'><strong>ex</strong></span> <span class='ocrx_word' id='word_1_36' title='bbox 1073 1595 1208 1678; x_wconf 91' lang='lat' dir='ltr'><strong>quadam</strong></span> <span class='ocrx_word' id='word_1_37' title='bbox 1231 1595 1280 1660; x_wconf 85' lang='lat' dir='ltr'><strong>fa-</strong></span> 
     </span>
     <span class='ocr_line' id='line_1_8' title="bbox 118 1697 1280 1784; baseline 0.003 -22"><span class='ocrx_word' id='word_1_38' title='bbox 118 1698 316 1762; x_wconf 87' lang='lat' dir='ltr'><strong>miliaritate</strong></span> <span class='ocrx_word' id='word_1_39' title='bbox 338 1702 370 1762; x_wconf 91' lang='lat' dir='ltr'><strong>et</strong></span> <span class='ocrx_word' id='word_1_40' title='bbox 392 1698 629 1775; x_wconf 86' lang='lat' dir='ltr'><strong>benevolentia,</strong></span> <span class='ocrx_word' id='word_1_41' title='bbox 659 1719 722 1782; x_wconf 91' lang='lat' dir='ltr'><strong>qua</strong></span> <span class='ocrx_word' id='word_1_42' title='bbox 751 1719 808 1762; x_wconf 90' lang='lat' dir='ltr'><strong>sua</strong></span> <span class='ocrx_word' id='word_1_43' title='bbox 838 1697 950 1764; x_wconf 85' lang='lat' dir='ltr'><strong>innata</strong></span> <span class='ocrx_word' id='word_1_44' title='bbox 981 1698 1117 1784; x_wconf 88' lang='lat' dir='ltr'><strong>quadam</strong></span> <span class='ocrx_word' id='word_1_45' title='bbox 1148 1701 1280 1766; x_wconf 80' lang='lat' dir='ltr'><strong>caritate</strong></span> 
     </span>
     <span class='ocr_line' id='line_1_9' title="bbox 118 1801 1279 1887; baseline 0.001 -19"><span class='ocrx_word' id='word_1_46' title='bbox 118 1803 206 1868; x_wconf 91' lang='lat' dir='ltr'><strong>mihi</strong></span> <span class='ocrx_word' id='word_1_47' title='bbox 230 1801 391 1882; x_wconf 87' lang='lat' dir='ltr'><strong>afficitur,</strong></span> <span class='ocrx_word' id='word_1_48' title='bbox 424 1801 567 1868; x_wconf 77' lang='lat' dir='ltr'><strong>cedulam</strong></span> <span class='ocrx_word' id='word_1_49' title='bbox 589 1823 685 1866; x_wconf 89' lang='lat' dir='ltr'><strong>unam</strong></span> <span class='ocrx_word' id='word_1_50' title='bbox 709 1823 759 1868; x_wconf 89' lang='lat' dir='ltr'><strong>me</strong></span> <span class='ocrx_word' id='word_1_51' title='bbox 781 1802 888 1887; x_wconf 79' lang='lat' dir='ltr'><strong>legare</strong></span> <span class='ocrx_word' id='word_1_52' title='bbox 917 1801 995 1868; x_wconf 85' lang='lat' dir='ltr'><strong>facit</strong></span> <span class='ocrx_word' id='word_1_53' title='bbox 1017 1803 1055 1868; x_wconf 94' lang='lat' dir='ltr'><strong>de</strong></span> <span class='ocrx_word' id='word_1_54' title='bbox 1078 1826 1174 1870; x_wconf 88' lang='lat' dir='ltr'><strong>manu</strong></span> <span class='ocrx_word' id='word_1_55' title='bbox 1197 1804 1226 1870; x_wconf 93' lang='lat' dir='ltr'><strong>d.</strong></span> <span class='ocrx_word' id='word_1_56' title='bbox 1249 1827 1279 1869; x_wconf 86' lang='lat' dir='ltr'><strong>v.</strong></span> 
     </span>
     <span class='ocr_line' id='line_1_10' title="bbox 116 1906 1280 1992; baseline 0 -18"><span class='ocrx_word' id='word_1_57' title='bbox 116 1912 154 1974; x_wconf 89' lang='lat' dir='ltr'><strong>et</strong></span> <span class='ocrx_word' id='word_1_58' title='bbox 177 1930 237 1973; x_wconf 88' lang='lat' dir='ltr'><strong>sna</strong></span> <span class='ocrx_word' id='word_1_59' title='bbox 253 1929 304 1972; x_wconf 84' lang='lat' dir='ltr'><strong>me</strong></span> <span class='ocrx_word' id='word_1_60' title='bbox 324 1907 423 1972; x_wconf 87' lang='lat' dir='ltr'><strong>inscio</strong></span> <span class='ocrx_word' id='word_1_61' title='bbox 439 1906 601 1992; x_wconf 74' lang='lat' dir='ltr'><strong>scriptam,</strong></span> <span class='ocrx_word' id='word_1_62' title='bbox 626 1907 658 1971; x_wconf 91' lang='lat' dir='ltr'><strong>in</strong></span> <span class='ocrx_word' id='word_1_63' title='bbox 682 1928 744 1992; x_wconf 90' lang='lat' dir='ltr'><strong>qua</strong></span> <span class='ocrx_word' id='word_1_64' title='bbox 760 1927 894 1988; x_wconf 83' lang='lat' dir='ltr'><strong>mecum,</strong></span> <span class='ocrx_word' id='word_1_65' title='bbox 921 1908 969 1972; x_wconf 88' lang='lat' dir='ltr'><strong>uti</strong></span> <span class='ocrx_word' id='word_1_66' title='bbox 986 1909 1158 1988; x_wconf 83' lang='lat' dir='ltr'><strong>consuevit,</strong></span> <span class='ocrx_word' id='word_1_67' title='bbox 1182 1909 1280 1975; x_wconf 89' lang='lat' dir='ltr'><strong>iocari</strong></span> 
     </span>
     <span class='ocr_line' id='line_1_11' title="bbox 118 2011 1281 2101; baseline 0.003 -23"><span class='ocrx_word' id='word_1_68' title='bbox 118 2013 257 2098; x_wconf 75' lang='lat' dir='ltr'><strong>placuit,</strong></span> <span class='ocrx_word' id='word_1_69' title='bbox 282 2013 365 2097; x_wconf 90' lang='lat' dir='ltr'><strong>quod</strong></span> <span class='ocrx_word' id='word_1_70' title='bbox 395 2015 427 2076; x_wconf 91' lang='lat' dir='ltr'><strong>et</strong></span> <span class='ocrx_word' id='word_1_71' title='bbox 443 2013 475 2076; x_wconf 91' lang='lat' dir='ltr'><strong>in</strong></span> <span class='ocrx_word' id='word_1_72' title='bbox 492 2012 606 2077; x_wconf 86' lang='lat' dir='ltr'><strong>bonam</strong></span> <span class='ocrx_word' id='word_1_73' title='bbox 623 2011 855 2096; x_wconf 87' lang='lat' dir='ltr'><strong>interpretatus</strong></span> <span class='ocrx_word' id='word_1_74' title='bbox 873 2034 943 2078; x_wconf 88' lang='lat' dir='ltr'><strong>sum</strong></span> <span class='ocrx_word' id='word_1_75' title='bbox 959 2019 1094 2098; x_wconf 89' lang='lat' dir='ltr'><strong>partem,</strong></span> <span class='ocrx_word' id='word_1_76' title='bbox 1117 2037 1180 2080; x_wconf 92' lang='lat' dir='ltr'><strong>non</strong></span> <span class='ocrx_word' id='word_1_77' title='bbox 1196 2017 1281 2101; x_wconf 91' lang='lat' dir='ltr'><strong>quod</strong></span> 
     </span>
     <span class='ocr_line' id='line_1_12' title="bbox 119 2117 1281 2204; baseline 0.002 -20"><span class='ocrx_word' id='word_1_78' title='bbox 119 2119 267 2204; x_wconf 87' lang='lat' dir='ltr'><strong>aliquam</strong></span> <span class='ocrx_word' id='word_1_79' title='bbox 291 2119 476 2203; x_wconf 88' lang='lat' dir='ltr'><strong>pecuniam,</strong></span> <span class='ocrx_word' id='word_1_80' title='bbox 507 2122 545 2182; x_wconf 89' lang='lat' dir='ltr'><strong>nt</strong></span> <span class='ocrx_word' id='word_1_81' title='bbox 566 2119 600 2182; x_wconf 92' lang='lat' dir='ltr'><strong>in</strong></span> <span class='ocrx_word' id='word_1_82' title='bbox 625 2117 733 2184; x_wconf 87' lang='lat' dir='ltr'><strong>eadem</strong></span> <span class='ocrx_word' id='word_1_83' title='bbox 762 2119 986 2184; x_wconf 75' lang='lat' dir='ltr'><strong>continebatur</strong></span> <span class='ocrx_word' id='word_1_84' title='bbox 1008 2119 1127 2200; x_wconf 88' lang='lat' dir='ltr'><strong>cedula,</strong></span> <span class='ocrx_word' id='word_1_85' title='bbox 1151 2143 1170 2186; x_wconf 87' lang='lat' dir='ltr'><strong>a</strong></span> <span class='ocrx_word' id='word_1_86' title='bbox 1192 2121 1281 2188; x_wconf 85' lang='lat' dir='ltr'><strong>vobis</strong></span> 
     </span>
     <span class='ocr_line' id='line_1_13' title="bbox 117 2223 1281 2310; baseline 0.003 -21"><span class='ocrx_word' id='word_1_87' title='bbox 117 2228 180 2289; x_wconf 89' lang='lat' dir='ltr'><strong>aut</strong></span> <span class='ocrx_word' id='word_1_88' title='bbox 202 2225 244 2288; x_wconf 92' lang='lat' dir='ltr'><strong>ab</strong></span> <span class='ocrx_word' id='word_1_89' title='bbox 267 2224 337 2309; x_wconf 88' lang='lat' dir='ltr'><strong>ipso</strong></span> <span class='ocrx_word' id='word_1_90' title='bbox 360 2245 398 2287; x_wconf 88' lang='lat' dir='ltr'><strong>ex</strong></span> <span class='ocrx_word' id='word_1_91' title='bbox 421 2226 513 2306; x_wconf 85' lang='lat' dir='ltr'><strong>perte</strong></span> <span class='ocrx_word' id='word_1_92' title='bbox 535 2223 658 2305; x_wconf 90' lang='lat' dir='ltr'><strong>consilij</strong></span> <span class='ocrx_word' id='word_1_93' title='bbox 680 2245 850 2307; x_wconf 84' lang='lat' dir='ltr'><strong>parumper</strong></span> <span class='ocrx_word' id='word_1_94' title='bbox 874 2224 1032 2289; x_wconf 88' lang='lat' dir='ltr'><strong>emendati</strong></span> <span class='ocrx_word' id='word_1_95' title='bbox 1048 2225 1208 2310; x_wconf 82' lang='lat' dir='ltr'><strong>exigerem</strong></span> <span class='ocrx_word' id='word_1_96' title='bbox 1224 2231 1281 2291; x_wconf 86' lang='lat' dir='ltr'><strong>aut</strong></span> 
     </span>
     <span class='ocr_line' id='line_1_14' title="bbox 119 2325 1280 2416; baseline 0.003 -22"><span class='ocrx_word' id='word_1_97' title='bbox 119 2331 286 2416; x_wconf 88' lang='lat' dir='ltr'><strong>requiram</strong></span> <span class='ocrx_word' id='word_1_98' title='bbox 296 2329 343 2414; x_wconf 81' lang='lat' dir='ltr'><strong>(l).</strong></span> <span class='ocrx_word' id='word_1_99' title='bbox 398 2325 580 2412; x_wconf 91' lang='lat' dir='ltr'><strong>Numquam</strong></span> <span class='ocrx_word' id='word_1_100' title='bbox 611 2329 695 2392; x_wconf 85' lang='lat' dir='ltr'><strong>enim</strong></span> <span class='ocrx_word' id='word_1_101' title='bbox 729 2333 867 2394; x_wconf 87' lang='lat' dir='ltr'><strong>mentem</strong></span> <span class='ocrx_word' id='word_1_102' title='bbox 905 2351 1007 2394; x_wconf 84' lang='lat' dir='ltr'><strong>meam</strong></span> <span class='ocrx_word' id='word_1_103' title='bbox 1041 2331 1151 2414; x_wconf 81' lang='lat' dir='ltr'><strong>quovis</strong></span> <span class='ocrx_word' id='word_1_104' title='bbox 1186 2336 1280 2416; x_wconf 86' lang='lat' dir='ltr'><strong>pacto</strong></span> 
     </span>
     <span class='ocr_line' id='line_1_15' title="bbox 120 2433 1280 2521; baseline 0.001 -21"><span class='ocrx_word' id='word_1_105' title='bbox 120 2436 237 2514; x_wconf 80' lang='lat' dir='ltr'><strong>movit,</strong></span> <span class='ocrx_word' id='word_1_106' title='bbox 260 2456 319 2520; x_wconf 89' lang='lat' dir='ltr'><strong>pro</strong></span> <span class='ocrx_word' id='word_1_107' title='bbox 342 2439 406 2499; x_wconf 88' lang='lat' dir='ltr'><strong>tam</strong></span> <span class='ocrx_word' id='word_1_108' title='bbox 431 2433 505 2498; x_wconf 85' lang='lat' dir='ltr'><strong>exili</strong></span> <span class='ocrx_word' id='word_1_109' title='bbox 523 2433 630 2499; x_wconf 86' lang='lat' dir='ltr'><strong>labore</strong></span> <span class='ocrx_word' id='word_1_110' title='bbox 653 2433 773 2518; x_wconf 87' lang='lat' dir='ltr'><strong>aliquid</strong></span> <span class='ocrx_word' id='word_1_111' title='bbox 797 2435 925 2517; x_wconf 71' lang='lat' dir='ltr'><strong>exigere</strong></span> <span class='ocrx_word' id='word_1_112' title='bbox 954 2440 1010 2499; x_wconf 89' lang='lat' dir='ltr'><strong>aut</strong></span> <span class='ocrx_word' id='word_1_113' title='bbox 1033 2439 1151 2518; x_wconf 88' lang='lat' dir='ltr'><strong>petere,</strong></span> <span class='ocrx_word' id='word_1_114' title='bbox 1174 2458 1280 2521; x_wconf 85' lang='lat' dir='ltr'><strong>ymmo</strong></span> 
     </span>
     <span class='ocr_line' id='line_1_16' title="bbox 119 2538 1279 2625; baseline -0.002 -19"><span class='ocrx_word' id='word_1_115' title='bbox 119 2543 149 2606; x_wconf 88' lang='lat' dir='ltr'><strong>si</strong></span> <span class='ocrx_word' id='word_1_116' title='bbox 174 2561 288 2606; x_wconf 81' lang='lat' dir='ltr'><strong>nervos</strong></span> <span class='ocrx_word' id='word_1_117' title='bbox 312 2561 397 2605; x_wconf 88' lang='lat' dir='ltr'><strong>meos</strong></span> <span class='ocrx_word' id='word_1_118' title='bbox 420 2561 478 2624; x_wconf 88' lang='lat' dir='ltr'><strong>pro</strong></span> <span class='ocrx_word' id='word_1_119' title='bbox 502 2540 650 2615; x_wconf 85' lang='lat' dir='ltr'><strong>comodo,</strong></span> <span class='ocrx_word' id='word_1_120' title='bbox 674 2538 794 2604; x_wconf 89' lang='lat' dir='ltr'><strong>honore</strong></span> <span class='ocrx_word' id='word_1_121' title='bbox 817 2545 849 2604; x_wconf 89' lang='lat' dir='ltr'><strong>et</strong></span> <span class='ocrx_word' id='word_1_122' title='bbox 877 2540 1059 2605; x_wconf 83' lang='lat' dir='ltr'><strong>valetudine</strong></span> <span class='ocrx_word' id='word_1_123' title='bbox 1082 2541 1111 2605; x_wconf 93' lang='lat' dir='ltr'><strong>d.</strong></span> <span class='ocrx_word' id='word_1_124' title='bbox 1135 2563 1164 2605; x_wconf 87' lang='lat' dir='ltr'><strong>v.</strong></span> <span class='ocrx_word' id='word_1_125' title='bbox 1189 2562 1279 2625; x_wconf 89' lang='lat' dir='ltr'><strong>repa·</strong></span> 
     </span>
     <span class='ocr_line' id='line_1_17' title="bbox 121 2643 1279 2730; baseline -0.001 -19"><span class='ocrx_word' id='word_1_126' title='bbox 121 2647 225 2711; x_wconf 87' lang='lat' dir='ltr'><strong>randa</strong></span> <span class='ocrx_word' id='word_1_127' title='bbox 247 2646 280 2709; x_wconf 93' lang='lat' dir='ltr'><strong>in</strong></span> <span class='ocrx_word' id='word_1_128' title='bbox 305 2645 417 2709; x_wconf 89' lang='lat' dir='ltr'><strong>maiori</strong></span> <span class='ocrx_word' id='word_1_129' title='bbox 441 2643 661 2725; x_wconf 80' lang='lat' dir='ltr'><strong>extendissem,</strong></span> <span class='ocrx_word' id='word_1_130' title='bbox 685 2667 847 2730; x_wconf 91' lang='lat' dir='ltr'><strong>nunquam</strong></span> <span class='ocrx_word' id='word_1_131' title='bbox 869 2645 1035 2711; x_wconf 88' lang='lat' dir='ltr'><strong>minimum</strong></span> <span class='ocrx_word' id='word_1_132' title='bbox 1051 2645 1181 2712; x_wconf 92' lang='lat' dir='ltr'><strong>obulum</strong></span> <span class='ocrx_word' id='word_1_133' title='bbox 1208 2647 1279 2712; x_wconf 91' lang='lat' dir='ltr'><strong>ad.</strong></span> 
     </span>
     <span class='ocr_line' id='line_1_18' title="bbox 119 2745 1279 2836; baseline 0.002 -21"><span class='ocrx_word' id='word_1_134' title='bbox 119 2775 150 2815; x_wconf 83' lang='lat' dir='ltr'><strong>v.</strong></span> <span class='ocrx_word' id='word_1_135' title='bbox 180 2750 366 2836; x_wconf 78' lang='lat' dir='ltr'><strong>exegissem.</strong></span> <span class='ocrx_word' id='word_1_136' title='bbox 421 2745 545 2814; x_wconf 80' lang='lat' dir='ltr'><strong>Credite</strong></span> <span class='ocrx_word' id='word_1_137' title='bbox 568 2747 729 2832; x_wconf 86' lang='lat' dir='ltr'><strong>profecto,</strong></span> <span class='ocrx_word' id='word_1_138' title='bbox 761 2749 818 2815; x_wconf 89' lang='lat' dir='ltr'><strong>hec</strong></span> <span class='ocrx_word' id='word_1_139' title='bbox 849 2751 968 2835; x_wconf 87' lang='lat' dir='ltr'><strong>scripta</strong></span> <span class='ocrx_word' id='word_1_140' title='bbox 996 2773 1014 2816; x_wconf 91' lang='lat' dir='ltr'><strong>a</strong></span> <span class='ocrx_word' id='word_1_141' title='bbox 1043 2752 1171 2817; x_wconf 92' lang='lat' dir='ltr'><strong>domino</strong></span> <span class='ocrx_word' id='word_1_142' title='bbox 1210 2775 1279 2817; x_wconf 89' lang='lat' dir='ltr'><strong>meo</strong></span> 
     </span>
     <span class='ocr_line' id='line_1_19' title="bbox 116 2855 1280 2940; baseline 0.002 -20"><span class='ocrx_word' id='word_1_143' title='bbox 116 2857 221 2922; x_wconf 89' lang='lat' dir='ltr'><strong>sancti</strong></span> <span class='ocrx_word' id='word_1_144' title='bbox 255 2855 380 2920; x_wconf 85' lang='lat' dir='ltr'><strong>Sebaldi</strong></span> <span class='ocrx_word' id='word_1_145' title='bbox 415 2877 453 2919; x_wconf 90' lang='lat' dir='ltr'><strong>cx</strong></span> <span class='ocrx_word' id='word_1_146' title='bbox 482 2855 605 2919; x_wconf 88' lang='lat' dir='ltr'><strong>sincero</strong></span> <span class='ocrx_word' id='word_1_147' title='bbox 637 2856 730 2921; x_wconf 90' lang='lat' dir='ltr'><strong>corde</strong></span> <span class='ocrx_word' id='word_1_148' title='bbox 752 2855 918 2940; x_wconf 87' lang='lat' dir='ltr'><strong>prodijsse.</strong></span> <span class='ocrx_word' id='word_1_149' title='bbox 977 2855 1072 2922; x_wconf 90' lang='lat' dir='ltr'><strong>Haud</strong></span> <span class='ocrx_word' id='word_1_150' title='bbox 1097 2858 1228 2939; x_wconf 88' lang='lat' dir='ltr'><strong>dubito,</strong></span> <span class='ocrx_word' id='word_1_151' title='bbox 1252 2860 1280 2922; x_wconf 91' lang='lat' dir='ltr'><strong>si</strong></span> 
     </span>
     <span class='ocr_line' id='line_1_20' title="bbox 118 2959 1280 3046; baseline 0.001 -20"><span class='ocrx_word' id='word_1_152' title='bbox 118 2960 331 3046; x_wconf 85' lang='lat' dir='ltr'><strong>prescivisset,</strong></span> <span class='ocrx_word' id='word_1_153' title='bbox 354 2959 411 3024; x_wconf 89' lang='lat' dir='ltr'><strong>bec</strong></span> <span class='ocrx_word' id='word_1_154' title='bbox 433 2959 462 3024; x_wconf 91' lang='lat' dir='ltr'><strong>d.</strong></span> <span class='ocrx_word' id='word_1_155' title='bbox 490 2983 518 3024; x_wconf 86' lang='lat' dir='ltr'><strong>r.</strong></span> <span class='ocrx_word' id='word_1_156' title='bbox 541 2980 616 3043; x_wconf 74' lang='lat' dir='ltr'><strong>egre</strong></span> <span class='ocrx_word' id='word_1_157' title='bbox 640 2960 761 3040; x_wconf 88' lang='lat' dir='ltr'><strong>tulisse,</strong></span> <span class='ocrx_word' id='word_1_158' title='bbox 784 2959 934 3026; x_wconf 82' lang='lat' dir='ltr'><strong>offensam</strong></span> <span class='ocrx_word' id='word_1_159' title='bbox 952 2983 1079 3026; x_wconf 90' lang='lat' dir='ltr'><strong>omnem</strong></span> <span class='ocrx_word' id='word_1_160' title='bbox 1114 2962 1280 3028; x_wconf 86' lang='lat' dir='ltr'><strong>scribendo</strong></span> 
     </span>
     <span class='ocr_line' id='line_1_21' title="bbox 119 3063 1278 3152; baseline 0.001 -22"><span class='ocrx_word' id='word_1_161' title='bbox 119 3063 382 3148; x_wconf 80' lang='lat' dir='ltr'><strong>subterfugisset.</strong></span> <span class='ocrx_word' id='word_1_162' title='bbox 429 3063 487 3129; x_wconf 83' lang='lat' dir='ltr'><strong>Cui</strong></span> <span class='ocrx_word' id='word_1_163' title='bbox 510 3063 613 3129; x_wconf 90' lang='lat' dir='ltr'><strong>bonor</strong></span> <span class='ocrx_word' id='word_1_164' title='bbox 629 3063 657 3129; x_wconf 91' lang='lat' dir='ltr'><strong>d.</strong></span> <span class='ocrx_word' id='word_1_165' title='bbox 673 3086 701 3128; x_wconf 87' lang='lat' dir='ltr'><strong>v.</strong></span> <span class='ocrx_word' id='word_1_166' title='bbox 726 3085 788 3128; x_wconf 94' lang='lat' dir='ltr'><strong>non</strong></span> <span class='ocrx_word' id='word_1_167' title='bbox 805 3065 911 3132; x_wconf 89' lang='lat' dir='ltr'><strong>minus</strong></span> <span class='ocrx_word' id='word_1_168' title='bbox 934 3088 1031 3152; x_wconf 89' lang='lat' dir='ltr'><strong>quam</strong></span> <span class='ocrx_word' id='word_1_169' title='bbox 1057 3067 1206 3150; x_wconf 90' lang='lat' dir='ltr'><strong>proprius</strong></span> <span class='ocrx_word' id='word_1_170' title='bbox 1231 3088 1278 3131; x_wconf 86' lang='lat' dir='ltr'><strong>ra·</strong></span> 
     </span>
     <span class='ocr_line' id='line_1_22' title="bbox 119 3168 1278 3255; baseline 0.002 -19"><span class='ocrx_word' id='word_1_171' title='bbox 119 3172 309 3236; x_wconf 84' lang='lat' dir='ltr'><strong>commissus</strong></span> <span class='ocrx_word' id='word_1_172' title='bbox 332 3177 390 3250; x_wconf 88' lang='lat' dir='ltr'><strong>est,</strong></span> <span class='ocrx_word' id='word_1_173' title='bbox 413 3191 471 3255; x_wconf 93' lang='lat' dir='ltr'><strong>pro</strong></span> <span class='ocrx_word' id='word_1_174' title='bbox 495 3191 558 3255; x_wconf 90' lang='lat' dir='ltr'><strong>quo</strong></span> <span class='ocrx_word' id='word_1_175' title='bbox 593 3168 787 3235; x_wconf 85' lang='lat' dir='ltr'><strong>defendendo</strong></span> <span class='ocrx_word' id='word_1_176' title='bbox 812 3171 984 3236; x_wconf 88' lang='lat' dir='ltr'><strong>maximum</strong></span> <span class='ocrx_word' id='word_1_177' title='bbox 1008 3170 1095 3238; x_wconf 87' lang='lat' dir='ltr'><strong>adire</strong></span> <span class='ocrx_word' id='word_1_178' title='bbox 1120 3175 1278 3238; x_wconf 87' lang='lat' dir='ltr'><strong>certamen</strong></span> 
     </span>
     <span class='ocr_line' id='line_1_23' title="bbox 119 3273 1278 3360; baseline 0.001 -19"><span class='ocrx_word' id='word_1_179' title='bbox 119 3277 263 3341; x_wconf 87' lang='lat' dir='ltr'><strong>auderet.</strong></span> <span class='ocrx_word' id='word_1_180' title='bbox 318 3273 451 3340; x_wconf 87' lang='lat' dir='ltr'><strong>Omnem</strong></span> <span class='ocrx_word' id='word_1_181' title='bbox 484 3275 586 3360; x_wconf 80' lang='lat' dir='ltr'><strong>igitur</strong></span> <span class='ocrx_word' id='word_1_182' title='bbox 620 3275 833 3358; x_wconf 82' lang='lat' dir='ltr'><strong>suspicionem</strong></span> <span class='ocrx_word' id='word_1_183' title='bbox 866 3275 942 3340; x_wconf 85' lang='lat' dir='ltr'><strong>mali</strong></span> <span class='ocrx_word' id='word_1_184' title='bbox 975 3276 1111 3342; x_wconf 88' lang='lat' dir='ltr'><strong>acorde</strong></span> <span class='ocrx_word' id='word_1_185' title='bbox 1134 3299 1278 3343; x_wconf 86' lang='lat' dir='ltr'><strong>amovere</strong></span> 
     </span>
     <span class='ocr_line' id='line_1_24' title="bbox 120 3379 1278 3466; baseline 0.004 -21"><span class='ocrx_word' id='word_1_186' title='bbox 120 3381 230 3448; x_wconf 82' lang='lat' dir='ltr'><strong>velitis</strong></span> <span class='ocrx_word' id='word_1_187' title='bbox 253 3402 341 3466; x_wconf 82' lang='lat' dir='ltr'><strong>rogo.</strong></span> <span class='ocrx_word' id='word_1_188' title='bbox 387 3379 476 3445; x_wconf 88' lang='lat' dir='ltr'><strong>Inter</strong></span> <span class='ocrx_word' id='word_1_189' title='bbox 502 3381 619 3444; x_wconf 80' lang='lat' dir='ltr'><strong>amicos</strong></span> <span class='ocrx_word' id='word_1_190' title='bbox 643 3380 728 3444; x_wconf 90' lang='lat' dir='ltr'><strong>enim</strong></span> <span class='ocrx_word' id='word_1_191' title='bbox 751 3379 924 3464; x_wconf 85' lang='lat' dir='ltr'><strong>aliquando</strong></span> <span class='ocrx_word' id='word_1_192' title='bbox 947 3381 1044 3446; x_wconf 85' lang='lat' dir='ltr'><strong>iocari</strong></span> <span class='ocrx_word' id='word_1_193' title='bbox 1068 3381 1155 3447; x_wconf 87' lang='lat' dir='ltr'><strong>licet.</strong></span> <span class='ocrx_word' id='word_1_194' title='bbox 1195 3380 1278 3450; x_wconf 88' lang='lat' dir='ltr'><strong>Nam</strong></span> 
     </span>
     <span class='ocr_line' id='line_1_25' title="bbox 121 3485 1277 3572; baseline -0.002 -18"><span class='ocrx_word' id='word_1_195' title='bbox 121 3493 154 3554; x_wconf 86' lang='lat' dir='ltr'><strong>et</strong></span> <span class='ocrx_word' id='word_1_196' title='bbox 179 3491 346 3572; x_wconf 81' lang='lat' dir='ltr'><strong>Augustus</strong></span> <span class='ocrx_word' id='word_1_197' title='bbox 369 3487 459 3570; x_wconf 89' lang='lat' dir='ltr'><strong>ipse,</strong></span> <span class='ocrx_word' id='word_1_198' title='bbox 483 3492 519 3550; x_wconf 90' lang='lat' dir='ltr'><strong>ut</strong></span> <span class='ocrx_word' id='word_1_199' title='bbox 542 3486 656 3550; x_wconf 88' lang='lat' dir='ltr'><strong>recitat</strong></span> <span class='ocrx_word' id='word_1_200' title='bbox 679 3485 859 3550; x_wconf 86' lang='lat' dir='ltr'><strong>Macrobius</strong></span> <span class='ocrx_word' id='word_1_201' title='bbox 885 3486 916 3549; x_wconf 92' lang='lat' dir='ltr'><strong>in</strong></span> <span class='ocrx_word' id='word_1_202' title='bbox 941 3485 1168 3564; x_wconf 86' lang='lat' dir='ltr'><strong>saturnalibus,</strong></span> <span class='ocrx_word' id='word_1_203' title='bbox 1193 3485 1277 3552; x_wconf 87' lang='lat' dir='ltr'><strong>iocos</strong></span> 
     </span>
     <span class='ocr_line' id='line_1_26' title="bbox 121 3590 1280 3679; baseline -0.001 -21"><span class='ocrx_word' id='word_1_204' title='bbox 121 3592 227 3679; x_wconf 81' lang='lat' dir='ltr'><strong>magis</strong></span> <span class='ocrx_word' id='word_1_205' title='bbox 236 3591 462 3670; x_wconf 85' lang='lat' dir='ltr'><strong>admirabatur,</strong></span> <span class='ocrx_word' id='word_1_206' title='bbox 475 3611 554 3675; x_wconf 88' lang='lat' dir='ltr'><strong>quos</strong></span> <span class='ocrx_word' id='word_1_207' title='bbox 565 3590 709 3674; x_wconf 86' lang='lat' dir='ltr'><strong>pertulit,</strong></span> <span class='ocrx_word' id='word_1_208' title='bbox 722 3613 818 3676; x_wconf 88' lang='lat' dir='ltr'><strong>quam</strong></span> <span class='ocrx_word' id='word_1_209' title='bbox 833 3613 912 3676; x_wconf 90' lang='lat' dir='ltr'><strong>quos</strong></span> <span class='ocrx_word' id='word_1_210' title='bbox 929 3592 998 3676; x_wconf 91' lang='lat' dir='ltr'><strong>ipse</strong></span> <span class='ocrx_word' id='word_1_211' title='bbox 1013 3592 1192 3676; x_wconf 85' lang='lat' dir='ltr'><strong>protulerit,</strong></span> <span class='ocrx_word' id='word_1_212' title='bbox 1204 3593 1280 3678; x_wconf 90' lang='lat' dir='ltr'><strong>quia</strong></span> 
     </span>
     <span class='ocr_line' id='line_1_27' title="bbox 120 3695 1277 3784; baseline 0 -21"><span class='ocrx_word' id='word_1_213' title='bbox 120 3699 224 3765; x_wconf 84' lang='lat' dir='ltr'><strong>maior</strong></span> <span class='ocrx_word' id='word_1_214' title='bbox 246 3703 295 3762; x_wconf 89' lang='lat' dir='ltr'><strong>est</strong></span> <span class='ocrx_word' id='word_1_215' title='bbox 317 3697 479 3780; x_wconf 79' lang='lat' dir='ltr'><strong>paciencia</strong></span> <span class='ocrx_word' id='word_1_216' title='bbox 504 3717 599 3782; x_wconf 86' lang='lat' dir='ltr'><strong>quam</strong></span> <span class='ocrx_word' id='word_1_217' title='bbox 632 3695 781 3762; x_wconf 85' lang='lat' dir='ltr'><strong>facundie</strong></span> <span class='ocrx_word' id='word_1_218' title='bbox 804 3697 891 3777; x_wconf 90' lang='lat' dir='ltr'><strong>laus,</strong></span> <span class='ocrx_word' id='word_1_219' title='bbox 925 3697 1062 3763; x_wconf 84' lang='lat' dir='ltr'><strong>maxime</strong></span> <span class='ocrx_word' id='word_1_220' title='bbox 1085 3719 1156 3763; x_wconf 88' lang='lat' dir='ltr'><strong>cum</strong></span> <span class='ocrx_word' id='word_1_221' title='bbox 1181 3719 1277 3784; x_wconf 86' lang='lat' dir='ltr'><strong>equa-</strong></span> 
     </span>
     <span class='ocr_line' id='line_1_28' title="bbox 121 3802 1277 3888; baseline 0 -20"><span class='ocrx_word' id='word_1_222' title='bbox 121 3804 253 3870; x_wconf 87' lang='lat' dir='ltr'><strong>nimiter</strong></span> <span class='ocrx_word' id='word_1_223' title='bbox 268 3802 377 3888; x_wconf 83' lang='lat' dir='ltr'><strong>aliqua</strong></span> <span class='ocrx_word' id='word_1_224' title='bbox 392 3804 490 3867; x_wconf 87' lang='lat' dir='ltr'><strong>eciam</strong></span> <span class='ocrx_word' id='word_1_225' title='bbox 508 3802 702 3868; x_wconf 90' lang='lat' dir='ltr'><strong>mordatiora</strong></span> <span class='ocrx_word' id='word_1_226' title='bbox 717 3802 897 3885; x_wconf 88' lang='lat' dir='ltr'><strong>pertulerit.</strong></span> <span class='ocrx_word' id='word_1_227' title='bbox 944 3803 1078 3880; x_wconf 83' lang='lat' dir='ltr'><strong>Quidam</strong></span> <span class='ocrx_word' id='word_1_228' title='bbox 1105 3805 1188 3868; x_wconf 88' lang='lat' dir='ltr'><strong>enim</strong></span> <span class='ocrx_word' id='word_1_229' title='bbox 1205 3825 1277 3888; x_wconf 89' lang='lat' dir='ltr'><strong>pro·</strong></span> 
     </span>
     <span class='ocr_line' id='line_1_29' title="bbox 120 3907 1277 3988; baseline 0.001 -16"><span class='ocrx_word' id='word_1_230' title='bbox 120 3909 267 3976; x_wconf 83' lang='lat' dir='ltr'><strong>vinoialis</strong></span> <span class='ocrx_word' id='word_1_231' title='bbox 290 3907 468 3974; x_wconf 81' lang='lat' dir='ltr'><strong>intraverat</strong></span> <span class='ocrx_word' id='word_1_232' title='bbox 489 3907 634 3988; x_wconf 87' lang='lat' dir='ltr'><strong>Romam,</strong></span> <span class='ocrx_word' id='word_1_233' title='bbox 664 3909 834 3974; x_wconf 89' lang='lat' dir='ltr'><strong>similimus</strong></span> <span class='ocrx_word' id='word_1_234' title='bbox 848 3911 948 3976; x_wconf 84' lang='lat' dir='ltr'><strong>cesari</strong></span> <span class='ocrx_word' id='word_1_235' title='bbox 973 3911 1054 3976; x_wconf 89' lang='lat' dir='ltr'><strong>etin</strong></span> <span class='ocrx_word' id='word_1_236' title='bbox 1076 3932 1110 3976; x_wconf 86' lang='lat' dir='ltr'><strong>se</strong></span> <span class='ocrx_word' id='word_1_237' title='bbox 1135 3911 1277 3974; x_wconf 89' lang='lat' dir='ltr'><strong>omnium</strong></span> 
     </span>
    </p>
   </div>
   <div class='ocr_carea' id='block_1_4' title="bbox 125 4013 1277 4161">
    <p class='ocr_par' dir='ltr' id='par_1_4' title="bbox 125 4013 1277 4161">
     <span class='ocr_line' id='line_1_30' title="bbox 125 4013 1277 4100; baseline -0.003 -19"><span class='ocrx_word' id='word_1_238' title='bbox 125 4037 182 4081; x_wconf 85' lang='lat' dir='ltr'><strong>ora</strong></span> <span class='ocrx_word' id='word_1_239' title='bbox 199 4013 432 4100; x_wconf 83' lang='lat' dir='ltr'><strong>convert(er)it.</strong></span> <span class='ocrx_word' id='word_1_240' title='bbox 458 4015 621 4100; x_wconf 82' lang='lat' dir='ltr'><strong>Angustus</strong></span> <span class='ocrx_word' id='word_1_241' title='bbox 635 4016 766 4098; x_wconf 87' lang='lat' dir='ltr'><strong>perduci</strong></span> <span class='ocrx_word' id='word_1_242' title='bbox 781 4015 820 4081; x_wconf 89' lang='lat' dir='ltr'><strong>ad</strong></span> <span class='ocrx_word' id='word_1_243' title='bbox 833 4037 866 4079; x_wconf 91' lang='lat' dir='ltr'><strong>se</strong></span> <span class='ocrx_word' id='word_1_244' title='bbox 877 4015 1035 4080; x_wconf 87' lang='lat' dir='ltr'><strong>bominem</strong></span> <span class='ocrx_word' id='word_1_245' title='bbox 1054 4016 1146 4080; x_wconf 89' lang='lat' dir='ltr'><strong>iussit</strong></span> <span class='ocrx_word' id='word_1_246' title='bbox 1162 4014 1277 4078; x_wconf 82' lang='lat' dir='ltr'><strong>visum-</strong></span> 
     </span>
     <span class='ocr_line' id='line_1_31' title="bbox 692 4123 709 4161; baseline 0 0"><span class='ocrx_word' id='word_1_247' title='bbox 692 4123 709 4161; x_wconf 52' lang='grc' dir='ltr'><em>ὴ</em></span> 
     </span>
    </p>
   </div>
   <div class='ocr_carea' id='block_1_5' title="bbox 121 4219 1276 4556">
    <p class='ocr_par' dir='ltr' id='par_1_5' title="bbox 121 4219 1276 4556">
     <span class='ocr_line' id='line_1_32' title="bbox 193 4219 1276 4292; baseline -0.001 -15"><span class='ocrx_word' id='word_1_248' title='bbox 193 4225 205 4277; x_wconf 85' lang='lat'>1</span> <span class='ocrx_word' id='word_1_249' title='bbox 229 4221 292 4292; x_wconf 82' lang='lat' dir='ltr'><strong>Vgl.</strong></span> <span class='ocrx_word' id='word_1_250' title='bbox 312 4219 383 4276; x_wconf 84' lang='lat' dir='ltr'><strong>oben</strong></span> <span class='ocrx_word' id='word_1_251' title='bbox 401 4239 427 4292; x_wconf 93' lang='lat' dir='ltr'><strong>p.</strong></span> <span class='ocrx_word' id='word_1_252' title='bbox 446 4221 502 4276; x_wconf 80' lang='lat'><strong>56⁴.</strong></span> <span class='ocrx_word' id='word_1_253' title='bbox 577 4223 593 4275; x_wconf 84' lang='lat'>2</span> <span class='ocrx_word' id='word_1_254' title='bbox 612 4221 723 4277; x_wconf 85' lang='lat' dir='ltr'><strong>Piarrer</strong></span> <span class='ocrx_word' id='word_1_255' title='bbox 742 4237 797 4276; x_wconf 85' lang='lat' dir='ltr'><strong>von</strong></span> <span class='ocrx_word' id='word_1_256' title='bbox 815 4222 855 4276; x_wconf 84' lang='lat' dir='ltr'><strong>St.</strong></span> <span class='ocrx_word' id='word_1_257' title='bbox 874 4220 977 4276; x_wconf 86' lang='lat' dir='ltr'><strong>Sebald</strong></span> <span class='ocrx_word' id='word_1_258' title='bbox 996 4239 1055 4276; x_wconf 82' lang='lat' dir='ltr'><strong>war</strong></span> <span class='ocrx_word' id='word_1_259' title='bbox 1073 4220 1125 4276; x_wconf 85' lang='lat' dir='ltr'><strong>seit</strong></span> <span class='ocrx_word' id='word_1_260' title='bbox 1145 4219 1213 4275; x_wconf 76' lang='lat'>1405</span> <span class='ocrx_word' id='word_1_261' title='bbox 1231 4219 1276 4276; x_wconf 89' lang='lat' dir='ltr'><strong>Jo-</strong></span> 
     </span>
     <span class='ocr_line' id='line_1_33' title="bbox 121 4305 1274 4378; baseline -0.005 -10"><span class='ocrx_word' id='word_1_262' title='bbox 121 4313 228 4368; x_wconf 78' lang='lat' dir='ltr'><strong>bannss</strong></span> <span class='ocrx_word' id='word_1_263' title='bbox 246 4309 371 4366; x_wconf 82' lang='lat' dir='ltr'><strong>bocbner</strong></span> <span class='ocrx_word' id='word_1_264' title='bbox 390 4327 410 4364; x_wconf 87' lang='lat' dir='ltr'><strong>s.</strong></span> <span class='ocrx_word' id='word_1_265' title='bbox 432 4307 472 4364; x_wconf 86' lang='lat' dir='ltr'><strong>St.</strong></span> <span class='ocrx_word' id='word_1_266' title='bbox 493 4305 557 4364; x_wconf 83' lang='lat' dir='ltr'><strong>Ohr.</strong></span> <span class='ocrx_word' id='word_1_267' title='bbox 576 4307 609 4374; x_wconf 80' lang='lat' dir='ltr'><strong>X,</strong></span> <span class='ocrx_word' id='word_1_268' title='bbox 628 4309 696 4374; x_wconf 74' lang='lat'><strong>289,</strong></span> <span class='ocrx_word' id='word_1_269' title='bbox 723 4309 793 4366; x_wconf 90' lang='lat' dir='ltr'><strong>doch</strong></span> <span class='ocrx_word' id='word_1_270' title='bbox 820 4309 858 4364; x_wconf 87' lang='lat' dir='ltr'><strong>ist</strong></span> <span class='ocrx_word' id='word_1_271' title='bbox 885 4308 946 4364; x_wconf 87' lang='lat' dir='ltr'><strong>bier</strong></span> <span class='ocrx_word' id='word_1_272' title='bbox 965 4307 1200 4378; x_wconf 77' lang='lat' dir='ltr'><strong>moglicberweise</strong></span> <span class='ocrx_word' id='word_1_273' title='bbox 1229 4307 1274 4363; x_wconf 90' lang='lat' dir='ltr'><strong>ein</strong></span> 
     </span>
     <span class='ocr_line' id='line_1_34' title="bbox 121 4395 1276 4467; baseline -0.004 -12"><span class='ocrx_word' id='word_1_274' title='bbox 121 4403 149 4456; x_wconf 87' lang='lat' dir='ltr'><strong>in</strong></span> <span class='ocrx_word' id='word_1_275' title='bbox 169 4401 262 4455; x_wconf 88' lang='lat' dir='ltr'><strong>einem</strong></span> <span class='ocrx_word' id='word_1_276' title='bbox 282 4400 360 4454; x_wconf 77' lang='lat' dir='ltr'><strong>ronst</strong></span> <span class='ocrx_word' id='word_1_277' title='bbox 377 4399 524 4454; x_wconf 72' lang='lat' dir='ltr'><strong>wertlosen</strong></span> <span class='ocrx_word' id='word_1_278' title='bbox 543 4397 631 4452; x_wconf 82' lang='lat' dir='ltr'><strong>bricia</strong></span> <span class='ocrx_word' id='word_1_279' title='bbox 643 4397 800 4453; x_wconf 74' lang='lat' dir='ltr'><strong>Hermanns</strong></span> <span class='ocrx_word' id='word_1_280' title='bbox 819 4397 892 4464; x_wconf 82' lang='lat' dir='ltr'><strong>(clm.</strong></span> <span class='ocrx_word' id='word_1_281' title='bbox 911 4397 961 4451; x_wconf 75' lang='lat'><strong>⁴41</strong></span> <span class='ocrx_word' id='word_1_282' title='bbox 982 4396 1000 4451; x_wconf 82' lang='lat' dir='ltr'><strong>l.</strong></span> <span class='ocrx_word' id='word_1_283' title='bbox 1020 4395 1096 4467; x_wconf 61' lang='lat'>224⁶)</span> <span class='ocrx_word' id='word_1_284' title='bbox 1120 4397 1276 4467; x_wconf 81' lang='lat' dir='ltr'><strong>genaunter</strong></span> 
     </span>
     <span class='ocr_line' id='line_1_35' title="bbox 121 4483 952 4556; baseline -0.006 -11"><span class='ocrx_word' id='word_1_285' title='bbox 121 4486 283 4545; x_wconf 78' lang='lat' dir='ltr'><strong>leonardus</strong></span> <span class='ocrx_word' id='word_1_286' title='bbox 302 4483 424 4539; x_wconf 81' lang='lat' dir='ltr'><strong>vicarius</strong></span> <span class='ocrx_word' id='word_1_287' title='bbox 442 4484 472 4538; x_wconf 89' lang='lat' dir='ltr'><strong>in</strong></span> <span class='ocrx_word' id='word_1_288' title='bbox 489 4487 669 4542; x_wconf 84' lang='lat' dir='ltr'><strong>ecclesiasti.</strong></span> <span class='ocrx_word' id='word_1_289' title='bbox 688 4483 802 4542; x_wconf 80' lang='lat' dir='ltr'><strong>sebaldi</strong></span> <span class='ocrx_word' id='word_1_290' title='bbox 821 4486 952 4556; x_wconf 75' lang='lat' dir='ltr'><strong>gemeint.</strong></span> 
     </span>
    </p>
   </div>
   <div class='ocr_carea' id='block_1_6' title="bbox 0 0 1536 5068">
    <p class='ocr_par' dir='ltr' id='par_1_6' title="bbox 0 0 1536 5068">
     <span class='ocr_line' id='line_1_36' title="bbox 0 0 1536 5068; baseline 0 0"><span class='ocrx_word' id='word_1_291' title='bbox 0 0 1536 5068; x_wconf 95' lang='lat' dir='ltr'><strong> </strong></span> 
     </span>
    </p>
   </div>
  </div>
 </body>
</html>
