3062 5068
646 415 707 483 187

100 595 190 659 larie.
239 593 287 658 De
309 593 437 660 doctore
459 594 645 658 assumendo
669 591 848 677 Bamberga
869 614 1044 678 numquam
1075 591 1173 658 elicui
1200 611 1257 656 no-

98 704 207 765 strum
230 700 406 776 constabat,
430 703 462 763 et
479 698 539 763 nisi
556 719 665 782 preces
681 697 818 762 maxime
834 697 973 763 doctoris
986 695 1112 764 Nicolai
1126 695 1260 763 Stooker

98 803 313 883 instetissent,
336 826 499 890 nunquam
515 840 557 851 -
574 808 611 869 ut
633 804 753 870 dicitur
768 841 809 850 -
826 808 1008 887 assumptus
1030 802 1153 868 fuisset.
1199 800 1259 866 Sa·

98 909 230 989 larium,
254 915 290 973 ut
306 909 409 989 audio,
433 910 516 975 exile
531 915 587 974 est.
625 909 672 974 Da
688 909 866 992 Ratispona
881 908 964 975 nihil
980 909 1060 973 mihi
1077 908 1257 974 innotescit.

99 1013 201 1078 Fama
226 1021 293 1094 eet,
317 1015 475 1100 quendam
497 1016 655 1081 doctorem
673 1015 827 1080 medicine
843 1015 987 1099 proxime
1003 1013 1109 1079 Padne
1133 1035 1259 1098 pronio-

100 1125 170 1183 tum
206 1124 377 1184 uxoratum
402 1124 443 1200 et,
478 1121 534 1205 qui
565 1126 640 1185 ante
662 1142 778 1204 paucos
809 1139 908 1185 annos
942 1123 1066 1184 rexerat
1093 1117 1194 1186 scolas
1227 1117 1260 1182 in

99 1223 290 1304 Sulcabaclr,
313 1247 398 1290 nuno
421 1245 488 1290 esse
511 1223 695 1308 Retispona.
748 1225 797 1289 An
815 1229 1084 1309 veroassumptus
1100 1225 1156 1303 sit,
1178 1221 1260 1288 nihil

99 1329 183 1393 certi
207 1330 318 1394 andire
346 1329 499 1394 haetenus
529 1329 631 1413 potui,
655 1329 716 1394 nisi
741 1328 780 1393 da
798 1327 1015 1414 Rutenbnrga‚
1040 1329 1093 1393 ubi
1108 1328 1262 1414 magister

102 1433 267 1498 Martinus
298 1435 337 1498 de
359 1432 512 1498 Swebaoh
544 1455 602 1516 per
635 1453 743 1516 preces
766 1431 959 1496 marchionis
984 1433 1110 1498 Alberti
1145 1454 1181 1497 ao
1203 1453 1261 1516 per

100 1538 207 1604 media
232 1537 393 1604 Sohirheri
403 1539 457 1622 (1),
479 1540 530 1604 cui
553 1539 656 1624 gradu
675 1538 962 1622 consanguinitatis
993 1539 1180 1605 coniunctus
1203 1542 1261 1618 eat,

101 1651 132 1708 et
158 1645 290 1708 tandem
312 1643 495 1725 permedia
517 1643 664 1727 magistri
687 1641 820 1708 Steffani
843 1643 1040 1726 appotecarii
1064 1643 1163 1709 eciam
1189 1663 1260 1708 cum

101 1751 182 1815 exili
206 1749 324 1814 salario
346 1749 414 1814 sine
438 1757 594 1834 appoteoa
616 1754 797 1833 assumptus
820 1752 884 1826 est,
908 1749 991 1832 quod
1014 1755 1046 1814 et
1070 1749 1148 1814 satis
1170 1749 1260 1812 tarde

101 1855 186 1919 mihi
211 1855 362 1919 innotuit.
410 1853 498 1918 Haut
521 1855 687 1933 dubitetis,
719 1853 796 1937 quin
821 1874 946 1917 omnem
969 1875 1099 1937 operam
1123 1875 1181 1936 pro
1205 1873 1260 1916 vo·

102 1961 155 2025 bis
177 1960 283 2024 habeo
305 1966 337 2024 et
352 1959 485 2037 habebo,
510 1963 542 2024 et
567 1981 628 2043 que
653 1958 773 2023 honore
800 1956 974 2023 utilitatire
1000 1959 1189 2038 conducunt,
1213 1979 1263 2022 me

104 2065 286 2130 studiosum
310 2064 389 2129 fore.
435 2061 504 2127 Nee
520 2063 682 2127 fortunam
706 2063 851 2126 incusare
873 2062 989 2127 velitis.
1036 2061 1166 2127 Dabunt
1188 2068 1260 2128 tan·

101 2172 178 2236 dem
201 2171 297 2234 inicia
318 2168 387 2232 fata
409 2168 570 2233 uberrime
593 2190 638 2248 ea,
656 2190 717 2252 que
739 2172 832 2252 grata
862 2167 994 2232 utiliave
1017 2173 1120 2232 erunt.

197 2273 316 2338 lloctor
330 2271 492 2339 Conradus
507 2272 626 2339 Schuoz
649 2275 719 2358 ipso
742 2274 791 2338 die
815 2295 838 2339 ι.
865 2272 1002 2338 Dorotee
1025 2271 1119 2358 [febr.
1137 2273 1183 2357 11],
1208 2273 1261 2337 iti·

102 2381 177 2445 dem
202 2381 252 2444 die
274 2399 350 2442 vero
371 2379 515 2464 sequenti
541 2377 806 2444 doctorJoannes
828 2379 867 2443 de
886 2376 1090 2464 Ratliapona]
1108 2399 1179 2444 cum
1195 2401 1262 2442 ma-

103 2485 194 2549 xima
216 2505 334 2568 pompa
357 2505 426 2550 oum
452 2485 547 2549 vidua
569 2483 696 2550 Geierin
721 2486 754 2549 in
778 2484 937 2550 sororini
971 2484 1100 2567 nuptias
1122 2483 1263 2550 celebra·

106 2593 197 2654 runt.
244 2587 357 2653 Cetera
378 2611 416 2654 ex
439 2587 599 2676 Jo[anne]
625 2589 827 2674 intelligetis.

205 2693 397 2778 Supervenit
430 2694 494 2778 hijs
528 2694 638 2761 diebus
673 2697 782 2760 doctor
811 2693 970 2759 Steffanua
1004 2693 1123 2760 Solium
1156 2695 1264 2779 splen-

104 2800 180 2865 dide
202 2799 347 2879 restitus,
371 2799 424 2885 qui
448 2800 535 2864 omni
549 2800 682 2880 audacia
698 2799 902 2884 practieando
918 2819 951 2862 ae
975 2798 1125 2863 extendit
1150 2798 1265 2864 Sumus

107 2903 203 2970 modo
226 2903 280 2968 hic
303 2904 458 2970 medicine
480 2905 624 2970 doctores
648 2905 855 2983 numerarii,
875 2903 958 2986 juris
976 2925 1051 2968 vero
1073 2903 1217 2968 canonici
1233 2908 1266 2968 et

107 3009 214 3074 civilis
238 3009 372 3074 totidem
397 3013 429 3074 et
452 3031 532 3072 nnus
563 3011 672 3074 doctor
702 3009 873 3093 theologie,
903 3007 1027 3072 Hebrer
1040 3007 1060 3072 ¹.
1112 3007 1265 3091 Speratur

105 3117 140 3180 in
165 3115 243 3194 dies,
267 3119 304 3179 ut
327 3113 454 3193 dicitur,
477 3115 631 3179 adrentus
654 3115 876 3198 plurimorum.

680 3451 697 3490 *

180 3537 193 3590 1
212 3534 358 3590 lohannes
378 3535 499 3589 [laberer
517 3535 553 3590 de
571 3533 746 3602 Bamborga,
776 3531 924 3587 eanonicus
941 3533 1036 3587 eccles.
1055 3534 1082 3589 S.
1102 3533 1218 3588 Martini
1236 3532 1265 3588 in

109 3622 298 3690 Vorchhaym,
310 3623 376 3677 1450
390 3623 432 3678 ala
443 3621 532 3676 decan
543 3622 592 3678 der
603 3620 857 3687 artiatenlaoulttt,
875 3621 940 3674 1452
954 3620 996 3673 als
1016 3623 1107 3677 rector
1120 3621 1176 3675 und
1189 3621 1266 3676 dann

110 3711 177 3768 14511
196 3710 255 3765 und
279 3711 346 3766 1466
364 3711 407 3765 ala
425 3711 563 3780 professor
580 3711 610 3764 in
624 3709 743 3779 Leipzig,
766 3709 833 3762 1473
853 3709 895 3762 ala
913 3709 1022 3764 soloher
1044 3710 1074 3762 in
1093 3708 1143 3762 der
1160 3709 1267 3766 theolo-

108 3799 223 3870 gischen
245 3798 367 3853 faculttt
386 3815 419 3851 an
446 3797 607 3867 lngolstadt
634 3795 826 3852 naohweisbar
845 3813 866 3848 s.
889 3796 1028 3859 Zarnolre,
1063 3796 1111 3850 Die
1136 3795 1266 3850 urkundl.

108 3885 314 3952 caertesae.
334 3885 360 3938 d.
383 3885 462 3941 Unir.
486 3885 599 3956 Leipzig
618 3885 677 3940 588.
696 3885 755 3939 803.
794 3883 858 3939 (iod.
878 3884 1025 3954 diplomat.
1051 3883 1171 3940 Scironia
1190 3885 1267 3952 regie

109 3977 142 4031 ll.
162 3975 215 4030 teil
236 3973 281 4027 bd.
301 3971 348 4037 lll,
368 3972 427 4028 138.
448 3973 506 4028 173.
542 3974 649 4036 Prantl,
670 3975 702 4028 G.
721 3974 747 4026 d.
773 3971 977 4042 Ludwig-Max.
993 3972 1073 4027 Univ.
1093 3971 1266 4040 Ingolstadt·

111 4060 411 4118 tandahntltdnohen
430 4063 449 4124 l,
469 4063 510 4117 31
531 4093 565 4101 -
584 4062 664 4116 Seine
682 4061 848 4131 biographio
867 4061 910 4115 bei
935 4059 1093 4130 Wimpina,
1113 4059 1267 4127 Catalogns

108 4153 210 4206 illustr.
231 4150 398 4220 scriptorum
416 4151 445 4203 in
459 4150 586 4220 Lipacnsi
606 4149 751 4205 academia
769 4167 811 4204 nr.
833 4149 866 4212 V,
887 4149 915 4202 in
935 4147 984 4202 der
1003 4149 1073 4200 auch
1092 4145 1169 4200 aeine
1188 4144 1267 4199 ilber-

108 4239 254 4307 siedelung
267 4237 338 4291 nnelr
349 4235 507 4307 Nilrnbarg,
524 4238 592 4293 aber
604 4238 676 4292 ohne
690 4237 801 4306 angabe
821 4237 869 4290 des
887 4233 1049 4304 acitpunlrts
1062 4233 1204 4288 vermarlrt
1222 4233 1266 4296 iat,

109 4325 287 4382 reneiobnet
305 4327 389 4380 nater
408 4324 502 4381 seim
523 4326 634 4380 werken
648 4324 721 4380 auch
732 4323 875 4394 Epistolae
889 4322 924 4376 ad
944 4321 1067 4375 diversos
1093 4320 1267 4384 innumerae,

109 4431 164 4469 von
193 4413 285 4468 danen
307 4413 408 4483 jedoch
436 4414 507 4469 nach
538 4412 725 4468 srenndliohsr
747 4409 987 4478 mitteilung'dea
1011 4409 1095 4461 herm
1122 4407 1165 4461 dr.
1188 4407 1265 4463 Wal-

110 4503 173 4557 ther
197 4501 269 4556 Gote
288 4502 319 4554 in
337 4499 482 4570 Leipzigar
495 4499 686 4556 bibliothelren
702 4498 793 4553 nichts
812 4513 846 4551 nu
859 4496 951 4556 finden
969 4497 1015 4550 ist.
1043 4495 1163 4551 llebarer
1175 4495 1269 4552 wurde
