2990 5068
797 423 859 492 172

252 617 326 662 esse.
341 597 519 683 antiquitus
542 598 646 664 visum
671 603 735 680 est,
762 599 851 666 cedes
873 600 1037 682 videlieet,
1060 600 1204 684 rapinas,
1237 599 1403 665 latrocinia

255 705 353 787 etque
374 703 583 787 prodiciones.

725 887 928 898 —....—.—

799 973 848 1046 75

252 1107 444 1182 Hermann
472 1108 629 1185 schedel
646 1135 695 1185 on
711 1111 905 1209 [Velentin
926 1109 1033 1184 Eber.
1082 1108 1282 1202 Nnrnberg
1304 1105 1391 1178 1467

684 1233 922 1330 september}
944 1239 954 1276 ¹

616 1388 680 1442 olm.
699 1388 752 1443 224
769 1387 786 1444 f.
798 1388 859 1446 308.
887 1386 1037 1458 Gonoept*.

439 1509 641 1576 Weiterer
662 1512 826 1578 berioht
849 1533 936 1577 som
959 1511 1212 1596 reiohstsge.

338 1647 562 1735 Superioribus
585 1650 707 1731 diebus,
733 1652 809 1717 dum
832 1672 912 1716 unse
935 1652 1052 1717 iterum
1068 1674 1087 1716 s
1102 1649 1192 1715 vobis
1215 1649 1393 1734 recepissem

251 1759 369 1840 literas,
392 1760 515 1826 tordius
539 1783 635 1845 quom
659 1762 763 1842 debui,
787 1762 935 1847 respondi
969 1762 1010 1828 ob
1033 1760 1246 1826 msximsrnm
1270 1775 1396 1839 omnpo-

251 1865 377 1931 oionum
400 1865 583 1946 oumulum,
618 1866 734 1952 quibus
766 1867 812 1932 ite
833 1867 1018 1951 opprimor,
1051 1871 1087 1930 ut
1111 1865 1163 1929 vix
1185 1864 1337 1929 resistere
1357 1860 1398 1925 fes

249 1971 301 2035 sit.
347 1967 485 2055 Tempus
508 1969 648 2038 alienum
680 1975 729 2036 est
744 1993 828 2038 nuno
843 1994 861 2037 a
876 1971 991 2038 studiis
1002 1969 1215 2037 humanitatis
1231 1973 1264 2034 et
1284 1964 1396 2033 mulis³

253 2075 355 2161 megis
377 2098 473 2161 quom
497 2077 596 2141 musis
617 2076 792 2162 ydoneum,
823 2098 884 2161 que
907 2081 1014 2144 temen
1037 2076 1177 2142 animum
1202 2095 1267 2140 non
1291 2093 1398 2159 perum

251 2181 442 2266 quandoque
466 2181 674 2260 obleoterent
696 2203 831 2267 eumque
853 2182 951 2248 uilem
969 2183 1048 2247 mihi
1071 2201 1238 2266 suouppor
1254 2181 1398 2266 quietem,

250 2290 287 2350 ut
310 2285 373 2370 hijs
397 2307 527 2371 opersm
551 2287 668 2368 dorem,
693 2287 836 2372 proiecto
859 2287 985 2354 infinite
1000 2288 1242 2371 interrumpunt
1259 2283 1397 2352 molestis
1490 2299 1491 2302 ’

249 2390 353 2457 eliens
386 2413 405 2456 s
438 2390 551 2457 literis.
610 2392 731 2460 Idoiroo
764 2416 814 2458 me
847 2393 975 2458 turdum
1007 2393 1047 2458 sd
1076 2391 1281 2458 scribendum
1317 2389 1399 2457 vobis

249 2494 327 2560 feeit
351 2496 443 2579 [non]
467 2519 537 2562 mes
558 2498 755 2564 solummodo
777 2503 826 2564 set
848 2497 1066 2565 oeourentinm
1089 2498 1123 2562 in
1146 2495 1215 2562 dies
1238 2495 1344 2582 eulpa.

335 2599 433 2666 Volui
456 2602 643 2688 quandoque
665 2606 704 2670 de
720 2604 791 2688 hijs,
816 2626 877 2688 qne
893 2604 945 2670 hio
967 2609 1040 2670 sets
1054 2607 1130 2669 sunt
1144 2624 1203 2688 per
1228 2602 1394 2687 principes,

247 2706 395 2786 seribere,
421 2729 556 2792 quorum
591 2711 721 2792 negotis
755 2729 907 2792 magnum
939 2708 1122 2774 habuerunt
1150 2712 1291 2774 troetnm
1314 2711 1346 2772 et
1366 2707 1396 2772 iu

248 2810 371 2876 ultimis
403 2834 502 2897 usque
535 2813 574 2878 sd
609 2835 765 2881 recessum
799 2819 969 2881 reservato.
1035 2814 1170 2880 Georius
1206 2813 1397 2898 presentium

250 2921 395 2982 ostensor
410 2917 517 3002 alique
534 2940 639 2985 seeum
655 2921 760 2998 offert,
785 2943 855 3005 que,
880 2918 971 3008 [que]
1003 2919 1058 2986 hie
1080 2923 1220 2984 trootsts
1242 2923 1330 2997 sunt,
1352 2917 1397 2982 iu·

248 3023 406 3088 uidissime
428 3024 608 3089 ostendunt.
658 3025 821 3109 Principes
844 3025 927 3090 nihil
951 3026 983 3088 in
1016 3045 1109 3090 oense
1131 3023 1248 3088 nedum
1272 3023 1345 3088 fidei
1366 3023 1395 3087 in

248 3129 369 3195 'I'ureos
392 3131 445 3196 sed
462 3151 520 3195 neo
536 3129 666 3196 Boemie
684 3131 798 3198 saltem
815 3130 901 3197 leudi
919 3131 1051 3215 dignum
1068 3129 1121 3195 hio
1138 3133 1285 3214 egerunt,
1309 3129 1396 3194 unius

249 3235 314 3300 voti
338 3256 401 3301 uon
424 3235 592 3315 fnerunt‘,
616 3259 697 3302 unns
721 3239 844 3302 etitem
860 3237 943 3301 alter
958 3259 995 3302 so
1010 3237 1110 3302 maior
1134 3255 1220 3319 pars,
1244 3239 1283 3300 nt
1297 3236 1396 3300 verius

248 3340 360 3419 dicem,
388 3340 505 3406 Boemo
526 3339 691 3408 heretico*
715 3342 833 3419 fovent,
856 3340 940 3406 nihil
963 3339 1283 3407 auxiliiohristiooiis
1298 3339 1395 3405 iecere

248 3445 452 3528 pretendunt,
479 3450 528 3510 set
551 3468 622 3512 eum
645 3447 743 3511 eciem
761 3446 823 3530 ipsi
844 3445 995 3511 Boemnm
1013 3447 1173 3525 timerent,
1197 3445 1301 3529 ligem
1316 3445 1394 3509 inter

247 3570 280 3613 se
308 3549 411 3614 faeere
432 3551 611 3630 voluerunt,
636 3553 795 3628 induem,
820 3549 1078 3618 si'eontroversis
1100 3551 1162 3615 iste
1184 3549 1347 3634 sospietnr
1367 3551 1396 3613 et

248 3653 344 3718 alieni
368 3675 474 3718 eorum
500 3654 619 3720 beilum
647 3657 824 3735 indicetur,
856 3661 891 3720 ut
924 3661 956 3722 et
983 3656 1037 3740 alij
1062 3654 1258 3720 ooniedersti
1285 3653 1394 3720 Boemo

248 3756 377 3822 facilius
400 3759 547 3824 resistere
563 3767 700 3844 possent.
739 3762 801 3845 Spe
815 3765 919 3826 temen
937 3764 969 3826 et
984 3761 1093 3826 labore
1106 3759 1237 3824 frustati
1261 3761 1395 3825 inaniter
1488 3747 1489 3754 ἵ

248 3863 281 3928 in
304 3863 364 3929 hee
391 3887 424 3928 re
447 3862 653 3945 laborarunt,
686 3877 734 3932 set
764 3889 835 3932 oum
871 3866 1010 3951 laseivijs
1041 3866 1228 3949 potibusque
1252 3865 1394 3951 turpibus

814 4003 831 4038 s

247 4072 364 4138 Quando
383 4073 456 4127 enim
484 4073 635 4129 disoordiss
654 4077 682 4130 et
700 4075 860 4130 simultates
879 4075 954 4131 inter
982 4093 1011 4130 se
1038 4090 1164 4130 exeruere
1181 4074 1256 4130 eires
1275 4076 1394 4146 osperint

247 4161 276 4214 et
294 4159 329 4215 de
347 4161 451 4216 honore
470 4163 498 4215 et
516 4159 658 4230 dignitate
676 4165 792 4226 certare,
811 4179 938 4218 ooossum
957 4166 1042 4232 etque
1060 4161 1209 4218 interitum
1229 4162 1273 4218 rei
1292 4163 1394 4233 publice

246 4247 323 4315 sequi
341 4263 449 4302 neeesse
467 4251 517 4303 est.
557 4247 620 4316 Vgl.
639 4249 710 4304 ouoh
729 4252 816 4305 unten
836 4267 877 4306 nr.
897 4252 939 4308 76.

318 4333 417 4404 lVgl.
436 4338 506 4391 oben
526 4353 567 4390 nr.
580 4336 613 4392 73
632 4337 739 4393 undu.
793 4337 896 4394 2Sehr
916 4339 1043 4410 neubrig,
1062 4339 1207 4395 mehrfeeh
1227 4341 1392 4397 servorfsne
1487 4363 1488 4402 ᾗ

247 4420 377 4488 seiunge.
456 4421 550 4477 tood.
569 4423 662 4477 musis.
698 4421 754 4478 Des
773 4425 927 4495 wortspiei:
948 4424 1041 4482 moise
1060 4430 1090 4482 et
1108 4443 1205 4483 musse
1223 4427 1264 4483 ist
1282 4427 1392 4484 beiden

247 4504 425 4562 humenisten
445 4509 547 4578 bdufig'.
619 4513 634 4564 4
654 4509 711 4566 eod.
731 4511 845 4566 inerint.
915 4513 1009 4570 5eod.
1027 4514 1149 4571 heretici
