3002 5070
640 422 680 486 57

88 599 171 663 illico
194 600 373 663 transirem.
420 596 537 661 Verum
562 602 731 682 postquam
752 598 790 662 od
815 619 884 660 eum
910 596 991 672 veni,
1014 594 1133 660 obtulit
1156 591 1234 656 milri

88 704 237 788 quendem
273 725 410 788 equum,
444 703 564 787 inquo
587 704 689 787 gratis
713 701 879 767 Patavium
912 698 1068 786 proficisci
1101 717 1235 781 possem,

87 809 115 871 in
140 809 343 893 animumque
366 807 534 872 induxerat
556 829 681 886 meum,
705 807 735 871 id
761 829 825 872 esse
849 806 1050 884 faciundum,
1085 803 1235 888 quonism

87 914 289 998 privilegium
312 914 413 978 eciam
435 913 565 978 absente
588 934 637 976 me
659 911 816 994 expedire
830 913 946 994 posset.
985 907 1137 974 Nicolaus
1160 928 1234 972 vero

85 1017 205 1084 Schmid
230 1043 250 1084 a
272 1041 321 1083 me
344 1018 414 1083 duc.
438 1017 536 1082 ferme
563 1019 602 1081 13
625 1018 770 1100 accepit,
794 1037 863 1080 cum
888 1037 951 1099 qua
974 1036 1097 1078 summa
1120 1018 1153 1076 et
1167 1034 1231 1076 non

87 1125 194 1188 nrinori
220 1123 420 1202 affirmabat,
443 1123 504 1208 (se)
528 1123 734 1207 privilegium
756 1123 860 1205 ipsum
884 1119 1009 1185 extrahi
1034 1140 1134 1203 posse,
1159 1117 1235 1182 licet

85 1228 241 1310 sepissime
271 1229 312 1294 ab
335 1228 406 1309 alijs
428 1248 595 1292 causarum
617 1225 881 1292 sollicitatoribus
913 1224 1127 1308 perceperim,
1157 1223 1235 1288 satis

87 1355 237 1418 superque
252 1334 332 1398 satis
342 1355 410 1398 esse
420 1334 441 1398 9
450 1333 520 1399 duc.
533 1335 573 1398 ad
583 1335 828 1418 uniuscuiusque
839 1330 999 1417 privilagij
1011 1330 1049 1395 ad
1061 1352 1122 1396 non
1134 1330 1235 1394 instar

87 1439 329 1522 expedicionem,
346 1439 429 1522 quod
442 1440 488 1503 ita
500 1460 566 1504 esse
578 1461 640 1504 non
652 1439 775 1505 dubito.
809 1438 865 1504 Set
879 1461 917 1502 ex
927 1437 1118 1504 coniecturis
1139 1435 1234 1500 variis

87 1565 119 1608 aa
130 1544 238 1608 multis
247 1544 389 1610 facilime
398 1544 577 1628 perspicere
584 1544 681 1622 valui,
698 1545 860 1622 astuciam,
872 1544 1044 1609 varsuciam
1063 1542 1234 1626 dolumque

87 1648 204 1732 inipso
229 1647 366 1713 Nicolao
389 1649 526 1713 maxime
550 1649 657 1734 vigere
682 1671 741 1715 nec
762 1650 907 1733 profecto
930 1671 998 1714 meo
1021 1648 1138 1712 iudicio
1172 1645 1232 1710 ali·

87 1775 173 1836 qusm
207 1754 378 1818 scienciam
409 1752 476 1840 aut]
497 1755 689 1820 industriam
720 1761 775 1820 snt
809 1756 972 1840 ingenium
1009 1758 1064 1819 aut
1102 1753 1233 1834 longam

87 1855 116 1943 [f.
133 1857 222 1946 8255]
247 1859 408 1944 quandam
430 1860 688 1925 exercitacionem
713 1861 796 1925 circa
818 1860 958 1944 gracias,
988 1858 1158 1943 privilegia
1181 1878 1231 1920 ce·

87 1967 210 2048 teraque
233 1963 415 2029 huiusmodi
440 1963 634 2030 extrahenda
657 1967 799 2031 adhiberi
824 1972 972 2050 oportere
1000 1986 1110 2030 censeo
1121 2012 1233 2042 ......

88 2089 142 2150 qne
164 2069 273 2134 omnia
295 2069 437 2152 predicta
459 2069 488 2134 d.
504 2067 555 2135 Jo.
572 2068 758 2156 Pruntrigel
782 2071 842 2134 tibi
863 2072 903 2135 ad
920 2090 1057 2154 unguem
1074 2068 1232 2152 explicare

88 2174 289 2259 potuisset(!).
345 2173 432 2249 Quod
465 2181 570 2239 autem
596 2197 633 2239 ex
656 2178 713 2238 tua
735 2175 873 2257 epistula
895 2175 1058 2252 intellexi,
1094 2180 1125 2238 te
1149 2174 1232 2237 circa

88 2277 285 2361 negociorum
319 2301 458 2344 meorum
482 2279 716 2363 expedicionem
749 2281 982 2344 exactissimam
1015 2284 1160 2344 accurate
1182 2300 1232 2342 se·

86 2381 214 2468 dnloque
236 2405 363 2450 omnem
389 2385 543 2463 laborem,
578 2407 685 2450 curam
709 2391 805 2470 utque
828 2386 967 2451 studium
993 2385 1232 2468 corisumpsisse,

87 2489 243 2568 potissime
268 2511 340 2554 cum
366 2487 542 2573 Bamberge
566 2489 656 2555 fuisti
690 2495 722 2554 et
745 2497 776 2555 te
802 2489 1000 2575 Freisingam
1025 2491 1230 2575 propediem

87 2594 304 2673 proiecturum,
328 2594 525 2659 immortales
548 2596 607 2660 tibi
630 2598 751 2680 gratias
774 2619 834 2682 ago
846 2645 933 2662 .....

165 2697 288 2763 Dehinc
303 2699 408 2778 velim,
434 2705 525 2782 pater
543 2701 673 2783 optime,
698 2724 737 2766 ne
752 2707 785 2766 te
800 2703 909 2788 aliqua
920 2703 1091 2769 admiratio
1112 2706 1233 2779 toneat,

88 2803 161 2884 qnod
183 2807 251 2868 tam
276 2804 371 2888 longo
394 2804 566 2869 intervallo
581 2806 687 2869 nullas
710 2809 747 2870 ad
771 2812 804 2871 te
827 2809 954 2873 litteras
969 2807 1120 2887 miserim,
1147 2807 1229 2891 quod

88 2908 201 2988 quidem
227 2932 292 2975 non
315 2909 474 2975 oblivione
496 2911 626 2994 pietatis
649 2935 717 2977 mee
734 2917 857 2995 ergata
880 2935 983 2997 neque
1006 2913 1103 2977 ullius
1126 2913 1228 2976 inter·

87 3013 223 3078 missione
246 3016 364 3079 amoris
387 3015 458 3094 feci,
481 3021 529 3081 set
547 3037 706 3082 summum
720 3024 854 3102 propter
877 3019 1016 3084 studium
1040 3018 1121 3082 hanc
1145 3018 1229 3082 circa

87 3119 362 3195 prestantissimam
387 3122 570 3186 iuriscivilis
593 3123 804 3207 disciplinam,
829 3127 884 3209 qui
909 3125 1053 3209 quamvis
1076 3123 1168 3187 illem
1191 3123 1230 3186 ad

88 3226 300 3304 capescendam
323 3227 390 3309 ipse
414 3227 544 3312 ingenio
566 3228 627 3292 sim
650 3230 800 3313 exiguus,
825 3234 932 3294 tamen
956 3251 1027 3294 meo
1052 3229 1173 3313 aliquid
1197 3229 1230 3290 in

88 3327 182 3391 animo
205 3331 368 3414 percipere
401 3353 548 3415 possum,
581 3335 664 3417 quod
697 3356 747 3399 me
780 3356 903 3401 summo
928 3334 963 3422 [f.
991 3333 1071 3421 326]
1096 3333 1231 3398 delectat

90 3449 191 3512 opere,
223 3439 261 3500 ut
293 3437 332 3502 de
361 3437 495 3504 feditate
528 3441 559 3504 in
593 3442 750 3525 quandam
781 3441 887 3506 odoris
911 3441 1099 3506 suavitatem
1124 3437 1231 3502 videar

89 3534 232 3616 dercuire,
249 3562 344 3625 quam
362 3543 517 3628 siquidem
533 3546 678 3630 ,adeptus
694 3547 794 3623 fuero,
818 3547 918 3611 nichil
941 3547 978 3612 ad
1004 3547 1231 3630 consequentes

92 3661 177 3707 annos
199 3647 278 3711 milri
303 3649 409 3713 deesse
441 3651 580 3734 poterit,
614 3653 780 3736 presertim
806 3651 874 3716 laus
897 3657 929 3716 et
953 3652 1063 3715 honor.
1110 3647 1230 3712 Ultimo

93 3747 156 3812 nolo
178 3755 208 3815 te
229 3753 396 3836 preterire,
422 3755 554 3820 fratrem
572 3755 782 3843 Sigmundum
798 3757 990 3822 Mdnsterlin
1008 3756 1017 3792 ¹
1043 3755 1096 3820 hic
1124 3752 1230 3818 Padue

93 3849 119 3912 in
140 3856 268 3938 quodam
293 3861 486 3925 monasterio
509 3863 637 3928 nomine
652 3866 710 3928 ste.
723 3861 850 3928 lustine
867 3863 966 3927 vitam
991 3881 1095 3946 agere,
1120 3864 1230 3924 utrum

93 3975 156 4022 sero
176 3981 233 4044 per
247 3963 371 4048 aliquot
388 3966 541 4048 temporis
557 3967 750 4033 curriculum
775 3969 818 4033 ibi
835 3986 1060 4052 permansurus
1082 3970 1139 4030 aut
1154 3964 1229 4048 quid

92 4057 218 4130 lactarus
240 4070 291 4148 sit,
307 4071 435 4152 penitus
463 4071 585 4155 ignoro.
633 4072 705 4156 Hijs
721 4078 825 4138 tamen
844 4074 953 4157 psucis
968 4075 1115 4137 naturam
1131 4069 1230 4154 ipsius

95 4164 145 4230 tibi
165 4171 342 4256 significare
364 4196 511 4258 possum:
535 4174 645 4242 Celare
669 4185 798 4257 secreta,
822 4201 916 4243 verax
940 4199 1023 4254 esse,
1048 4175 1156 4259 turpia
1180 4180 1229 4240 ta·

95 4289 162 4352 cere,
182 4299 280 4360 pauca
302 4279 389 4364 loqui
421 4279 479 4344 sibi
514 4284 638 4345 tontum
670 4288 719 4346 est
742 4291 852 4348 contra
876 4290 1041 4359 naturam,
1074 4284 1228 4366 quantum

645 4423 662 4459 a

158 4502 205 4557 li.
223 4501 249 4562 8.
270 4506 305 4560 ll.
325 4504 544 4562 durchstrichen.
585 4507 649 4576 vgl.
667 4507 737 4564 oben
756 4527 797 4566 nr.
817 4511 841 4565 7.
862 4511 901 4566 14.
