3062 5068
644 405 707 470 205

93 582 220 666 grr'iude
245 582 310 647 und
334 579 525 665 allgemeine
558 581 716 646 anuahme
748 580 912 645 bewiesen.
960 579 1075 665 Hirrigc
1097 579 1251 646 einwtirfe

94 688 219 752 werden
254 685 356 752 durch
381 687 511 752 weltere
529 687 754 772 anflthmngen
778 708 834 752 aue
849 687 908 752 den
927 686 1048 752 briefen
1071 688 1123 752 des
1141 687 1252 753 Hiero-

92 813 210 876 nymus
232 791 426 878 widerlegt}

180 895 452 981 Sicciumque,
476 897 524 963 vir
554 897 745 977 doctissime,
770 897 989 963 munusculum
1015 918 1120 961 meum
1141 918 1181 962 ex
1204 901 1251 962 te·

93 1004 213 1069 unibus
234 1004 314 1068 meis
335 1003 422 1090 gazis
444 1002 587 1068 oblatum
611 1005 752 1087 gratum,
775 1003 820 1066 sit
842 1009 1026 1086 acceptum,
1049 1003 1093 1066 sit
1114 1003 1254 1088 denique

93 1107 327 1194 liberalitati[s]
350 1113 405 1174 tue
429 1107 538 1172 favore
552 1107 666 1174 saltem
682 1109 825 1191 dignum,
848 1108 932 1191 qnod
955 1129 1018 1172 nou
1042 1107 1156 1173 allecto
1179 1129 1251 1172 cunr

93 1214 269 1278 maioribus
294 1213 455 1297 beneficijs
480 1213 562 1294 tuis,
596 1213 690 1298 quale
712 1220 760 1278 est
782 1215 949 1279 dictatoris
972 1213 1088 1296 prefati
1112 1213 1251 1278 doctoris

94 1320 132 1382 de
156 1318 274 1384 Dareta
298 1319 445 1404 magistri
475 1320 537 1384 mei
560 1319 789 1400 collocandum,
812 1321 861 1384 set
875 1340 945 1384 cum
966 1318 1106 1382 minimis
1130 1318 1254 1382 donon-

94 1423 176 1490 culis
200 1423 476 1508 interponendum.
522 1422 658 1490 Oretum
680 1429 713 1489 te
735 1425 860 1489 demum
884 1424 997 1502 venio,
1024 1427 1061 1488 ut
1083 1427 1252 1508 postquam

95 1529 214 1615 legeris
235 1535 269 1594 at
293 1530 371 1594 bona
393 1549 468 1613 sape
502 1531 719 1610 ruminaveris,
743 1531 843 1596 eciam
858 1530 1029 1616 aliquando
1046 1528 1252 1595 lectitandum

91 1635 277 1700 accomodes
299 1635 429 1700 domino
463 1634 649 1702 Hermanno
681 1635 807 1702 Pecken
831 1638 950 1702 arcium
984 1637 1188 1701 baccalaureo
1220 1639 1254 1700 et

93 1743 199 1806 sancti
221 1739 350 1805 Sebaldi
373 1740 501 1806 ecclesie
526 1739 813 1827 Nurembergansis
845 1742 962 1807 vicario
986 1747 1151 1824 perpetuo,
1175 1761 1250 1806 cou-

94 1845 193 1912 tratri
215 1852 249 1911 et
270 1846 398 1912 domino
429 1868 499 1911 meo
534 1847 696 1930 precipuo,
729 1847 783 1932 qui
812 1867 875 1911 uon
900 1846 1016 1910 minori
1048 1845 1163 1910 affectu
1187 1867 1252 1909 me·

95 1953 200 2018 morie
223 1953 307 2018 lecta
332 1951 569 2018 commendabit
592 1952 798 2036 animumque
819 1952 961 2016 suumin
984 1950 1036 2014 his
1058 1949 1156 2015 veluti
1182 1950 1253 2033 qui-

94 2059 230 2124 busdam
253 2055 546 2141 dulcoramentis(!)
582 2057 766 2123 oblectabit.
824 2056 904 2121 Vale
936 2063 969 2121 et
992 2055 1125 2122 fictorem
1147 2055 1251 2140 papiri

94 2185 161 2229 non
185 2163 267 2228 mihi
288 2164 474 2249 imputabis,
497 2164 552 2249 qui
570 2169 680 2248 postea
703 2185 798 2247 quam
821 2163 889 2228 fore
904 2162 1109 2227 medietatem
1132 2160 1253 2226 calamo

93 2270 238 2347 exaravi,
261 2269 401 2352 primum
433 2273 512 2334 tunc
534 2269 655 2334 fluxum
688 2269 793 2352 ipsum
815 2268 1017 2352 experiencia
1046 2266 1140 2332 didici
1174 2267 1253 2332 scri·

94 2373 204 2439 bendi.
250 2371 369 2440 Datum
392 2395 430 2438 ex
455 2373 602 2439 llrfnrdia
630 2395 714 2438 anno
730 2396 749 2436 a
764 2373 934 2438 nativitate
955 2371 1075 2438 domini
1098 2370 1254 2436 milesimo

95 2477 443 2566 quadring[cnt]asimo
470 2479 705 2564 septusgesimo
727 2483 840 2544 octavo
862 2477 1021 2544 dominica
1043 2499 1107 2563 qua
1129 2478 1255 2544 canitur

95 2585 129 2650 in
155 2581 289 2650 eecleua
311 2584 412 2650 letare
434 2583 635 2650 Hierusalem
660 2584 720 2650 hoc
743 2589 790 2649 est
814 2584 963 2650 kalendas
987 2583 1106 2667 marcij.

187 2689 378 2756 Benedictus
401 2690 571 2775 lllwanger
595 2691 698 2756 dictus
721 2690 754 2754 in
777 2689 1009 2774 philosophicis
1033 2691 1195 2776 magister.

187 2794 407 2880 (cornuum
451 2794 625 2880 Spectabili
665 2796 734 2861 viro
765 2796 922 2881 magistro
951 2793 992 2860 N.
1024 2793 1157 2861 Schedel
1189 2816 1254 2860 me-

92 2904 203 2970 dicine
232 2900 402 2987 professori
430 2901 550 2966 illustri
581 2902 706 2986 phisico
736 2902 912 2986 imperialis
945 2902 1084 2968 civitatis
1115 2901 1253 2968 Nurem-

94 3008 266 3094 bergensis
290 3005 511 3091 expertissimo
533 3007 661 3072 domino
684 3013 717 3072 et
751 3008 932 3092 preceptori
957 3008 1252 3073 observandissimo.

576 3194 782 3202 *ᾕ-

461 3346 732 3432 Uudatirbare
765 3349 903 3434 brief.

640 3499 724 3574 100.

98 3663 297 3736 Hermann
323 3657 477 3734 Schodel
513 3683 562 3732 an
580 3657 758 3734 willelm
794 3685 827 3732 v.
844 3661 1068 3736 Rcichcuau.
1119 3659 1251 3754 [Auga-

624 3782 745 3877 burg].

407 3919 470 3974 clm.
490 3918 542 3974 224
560 3917 579 3972 f.
598 3917 646 3974 85¹³
664 3917 784 3988 einlaga.
821 3915 953 3990 concept.

99 4045 412 4116 Gltlckwnusch
435 4045 514 4111 und
537 4044 803 4128 ermahnung.
861 4043 945 4109 Lob
968 4045 1039 4109 des
1063 4042 1253 4110 bischofs

496 4149 661 4217 Johann
684 4172 714 4215 v.
738 4147 864 4214 Aich.

188 4289 419 4380 Hlermannus]
436 4287 596 4378 Sch[edel]
614 4292 643 4355 d.
670 4286 875 4376 Wilh[almo]
892 4289 930 4354 de
948 4285 1156 4375 Raich[euau]
1180 4310 1252 4372 pre·

100 4399 207 4483 posito
230 4404 290 4463 etc.
313 4396 448 4462 salntem
471 4395 643 4479 plurimam
666 4394 745 4460 dicit
761 4443 869 4460 .....
888 4393 999 4458 Placet
1022 4397 1055 4458 et
1078 4393 1156 4457 mihi
1180 4415 1253 4477 per-

102 4503 322 4588 gratimimum
346 4506 403 4580 ast,
425 4501 500 4566 dum
524 4501 760 4580 animadverto,
796 4520 854 4582 per
878 4498 1139 4564 humanissimum
1165 4503 1255 4564 tuum
