3002 5070
814 397 856 462 80

257 575 372 641 dicioni
385 573 473 640 illam
491 579 691 658 exponentes,
715 575 748 637 et
765 593 814 638 res
845 571 1029 639 condicione
1044 572 1158 657 dignas
1173 571 1293 637 nullam
1317 571 1413 636 aliam

257 681 298 746 ob
320 701 444 746 cansam
468 701 501 744 se
523 683 705 763 prosecutos
728 682 898 758 testantur,
923 678 985 743 nisi
1008 677 1050 743 ob
1072 677 1255 757 avariciam,
1280 676 1342 742 hoc
1365 680 1414 740 eet

256 787 326 850 anri
350 789 383 848 at
404 785 529 868 argenti
553 781 770 868 cupiditatem.
825 779 859 848 si
881 803 933 846 me
966 782 1007 846 ad
1030 781 1204 847 sanctiores
1227 779 1414 864 disciplinas

256 893 379 954 vertere
400 888 541 967 voluero,
565 891 602 955 ad
627 889 862 974 philosophiam
885 890 987 974 ipsam
1011 889 1168 967 divinam,
1193 909 1289 972 quam
1313 887 1415 952 teolo-

256 995 342 1080 giam
375 994 518 1074 dicimus,
551 995 710 1062 sciendine
745 1015 840 1060 causa
871 1017 911 1060 an
943 994 1118 1079 plurimum
1147 993 1294 1059 lucrandi
1317 997 1410 1057 mota

256 1098 388 1184 ponitur
409 1102 442 1166 in
468 1101 530 1186 hijs
551 1102 715 1169 edocendis
738 1105 861 1185 opera?
895 1100 978 1177 Quid
1001 1101 1115 1180 dicam,
1139 1106 1174 1165 ut
1204 1121 1282 1184 pace
1304 1105 1412 1164 vestra

256 1205 379 1289 loquar,
404 1207 441 1272 de
463 1207 679 1273 sacerdotibus
698 1208 826 1287 nostris,
850 1227 986 1292 quorum
1008 1207 1115 1272 studia
1130 1204 1334 1271 manifestius
1357 1225 1414 1289 ap-

257 1314 395 1394 parent?
438 1309 524 1377 Num
548 1311 635 1377 aliud
658 1317 816 1396 spectant,
840 1318 989 1398 querunt,
1012 1313 1159 1377 ambiunt
1181 1311 1240 1376 snb
1263 1309 1337 1375 fidei
1360 1332 1414 1374 ve-

257 1417 406 1496 lamento,
429 1417 490 1482 nisi
513 1423 551 1482 ut
574 1439 672 1501 parvo
695 1418 804 1483 labore
827 1417 941 1482 divites
963 1418 1063 1495 fiant,
1094 1421 1214 1503 quanta
1236 1437 1300 1480 non
1324 1414 1414 1480 solli·

256 1522 398 1587 oitudine
429 1528 478 1587 set
505 1523 753 1608 importunitate
776 1529 809 1589 ct
831 1524 1042 1608 impudencia,
1067 1523 1142 1605 bec,
1173 1544 1234 1608 que
1258 1521 1413 1586 beneficia

258 1633 384 1708 vocant,
406 1633 514 1712 petere
548 1629 698 1694 videntur
719 1630 906 1695 diviciarum
928 1631 1047 1716 gracia,
1070 1651 1131 1714 que
1153 1649 1216 1714 quo
1239 1631 1315 1691 sunt
1334 1647 1416 1709 opu·

257 1733 406 1812 lenoiora,
429 1755 466 1800 eo
482 1734 633 1800 maiorem
649 1735 681 1798 in
699 1757 735 1799 ea
756 1755 942 1800 concursum
959 1741 1056 1820 atque
1085 1735 1242 1818 impetum
1273 1731 1343 1797 fieri
1366 1732 1415 1796 vi-

257 1838 386 1919 demus,
417 1839 477 1904 nisi
508 1839 614 1904 forsan
648 1844 781 1924 propter
802 1839 983 1906 salvandam
1007 1839 1163 1916 animam,
1194 1859 1257 1902 non
1281 1841 1416 1921 propter

258 1943 357 2008 vitam
381 1945 414 2010 in
438 1945 560 2028 delicijs
582 1945 757 2030 degendam
778 1967 814 2010 ea
842 1950 1011 2029 tantopere
1040 1945 1162 2029 putetis
1185 1944 1302 2026 expeti.
1350 1941 1415 2018 llli,

258 2052 312 2134 qui
335 2050 395 2114 snb
416 2051 556 2136 ypocrisi
587 2049 644 2115 hec
676 2051 839 2133 aspernari
862 2071 895 2114 se
917 2051 1055 2133 lingunt,
1079 2049 1111 2115 id
1134 2052 1253 2132 agunt,
1290 2053 1413 2112 utnon

259 2157 383 2240 quesita
412 2156 453 2220 ab
488 2157 553 2235 eis,
587 2161 636 2221 set
672 2156 758 2221 ultro
789 2156 901 2221 virtuti
932 2179 969 2222 ac
1001 2155 1124 2222 meritis
1146 2155 1211 2220 suis
1235 2154 1341 2220 delata
1363 2154 1412 2218 vi·

261 2261 395 2326 deantur
411 2259 432 2327 ¹.

346 2363 566 2432 Perlustrare'
588 2366 688 2432 eciam
713 2365 789 2431 licet
804 2365 931 2450 singula
947 2365 1113 2444 exercicia,
1136 2365 1203 2430 sive
1218 2386 1280 2450 que
1295 2365 1414 2442 animo,

258 2473 323 2537 sive
346 2495 407 2556 qne
430 2491 561 2555 corpora
585 2471 861 2550 administrantur,
883 2472 930 2536 nil
948 2491 1082 2536 vacnum
1099 2470 1264 2555 reperietis
1287 2470 1414 2555 ingenti

258 2576 442 2661 cupiditate.
488 2575 644 2661 Quicquid
660 2576 745 2641 inter
769 2578 919 2642 mortales
937 2577 1071 2641 tractari
1087 2576 1238 2656 videmus,
1261 2575 1414 2661 quioquid

258 2683 470 2767 periculorum
481 2682 609 2766 suscipi,
633 2703 669 2746 eo
685 2684 817 2764 spectat,
842 2686 878 2743 ut
894 2679 967 2745 inde
983 2701 1096 2744 aurum
1119 2684 1216 2765 atqua
1238 2685 1409 2764 argentum

258 2789 440 2853 excudatur.
485 2787 543 2852 Est
565 2787 649 2851 enim
672 2785 853 2870 peroptima
875 2785 914 2849 ad
939 2806 1030 2850 usum
1054 2807 1254 2851 communem
1276 2791 1308 2850 et
1330 2785 1413 2866 aivi-

259 2894 320 2957 lem
344 2892 444 2957 vitam
468 2891 617 2977 pecunia,
641 2911 736 2974 qnam
760 2890 935 2954 necessario
952 2889 1142 2955 Aristoteles
1157 2890 1320 2956 inventam
1343 2896 1412 2954 tra·

258 2999 339 3063 didit
363 2997 401 3062 ad
419 2997 607 3063 commercia
622 2995 786 3060 hominum
812 3015 924 3078 resque
935 2999 1048 3060 mutuo
1066 2993 1308 3061 contrahendas.
1335 2995 1413 3059 Eius

258 3104 359 3188 igitur
382 3103 561 3187 appetitum
593 3102 619 3166 si
644 3101 830 3185 culpabitis,
860 3102 990 3184 culpare
1020 3100 1095 3165 licet
1117 3105 1150 3164 et
1173 3106 1305 3178 ceteros,
1330 3123 1412 3186 quos

258 3209 327 3292 ipsa
351 3208 442 3273 uobis
465 3207 551 3272 dedit
575 3211 699 3272 natura.

344 3313 492 3379 Scribitis
507 3318 625 3395 postea,
645 3311 785 3376 Ytaliam
798 3332 864 3374 esse
879 3311 1066 3376 ambicionis
1082 3313 1252 3398 exemplar.
1286 3312 1412 3391 Nescio,

259 3422 302 3484 mi
326 3420 356 3484 d.
379 3419 499 3499 doctor,
523 3440 562 3482 an
579 3417 692 3482 melius
713 3421 804 3495 esset,
828 3417 998 3482 avariciam
1022 3417 1098 3500 pelli
1114 3419 1154 3483 ab
1172 3419 1354 3485 bominibus
1369 3442 1410 3483 an

258 3524 475 3590 ambicionem.
522 3522 664 3587 Alterius
687 3544 746 3607 ope
769 3545 835 3588 rem
859 3524 1020 3607 publicam
1056 3545 1130 3608 sepe
1152 3523 1294 3589 adiutam
1319 3525 1409 3590 andi-

258 3631 369 3708 vimus,
392 3629 524 3694 nlterius
547 3629 631 3694 malo
645 3649 839 3713 oppressam.
873 3629 915 3694 M.
938 3627 1070 3694 Crassus
1085 3629 1150 3695 fuit
1167 3651 1291 3712 avarus,
1315 3631 1412 3696 Cesar

258 3735 411 3812 liberalis,
427 3738 476 3799 set
490 3733 623 3817 cupidus
640 3733 832 3798 dominandi.
870 3733 951 3809 Quid
968 3733 1103 3800 Romam
1119 3737 1246 3816 evertit,
1263 3735 1412 3802 Crassine

260 3841 397 3906 avaricia
419 3841 572 3904 immensa
594 3862 633 3904 an
659 3839 783 3904 Cesarie
805 3840 966 3906 ambicio?
1004 3842 1061 3904 Ait
1076 3841 1160 3906 enim
1177 3839 1326 3908 Valerius
1343 3841 1410 3907 Ma-

258 3947 374 4012 ximus:
405 3943 523 4010 »Nulla
545 3951 594 4009 est
610 3949 701 4010 tanta
724 3946 824 4026 racio,
849 3967 910 4030 que
932 3945 1097 4011 dulcedine
1126 3946 1229 4032 glorie
1252 3970 1317 4014 non
1340 3955 1412 4013 tan·

258 4058 372 4136 gutur«
390 4051 413 4116 ⁸.
437 4087 478 4098 -

329 4229 340 4280 l
362 4224 429 4280 Hier
447 4225 522 4296 folgt
540 4226 579 4279 im
598 4228 715 4295 concept
734 4226 778 4280 ein
798 4169 925 4281 vditerer
941 4225 1079 4282 ebenialle
1092 4223 1220 4281 vortlich
1239 4244 1290 4281 aus
1304 4226 1409 4298 Poggio

258 4315 276 4368 1.
294 4329 317 4368 e.
335 4315 369 4368 22
395 4315 606 4370 entnommener
625 4313 783 4378 absehnitt,
812 4313 861 4369 der
884 4316 979 4382 apaten
1003 4331 1050 4368 am
1077 4314 1165 4371 rande
1190 4315 1243 4369 mit
1262 4317 1348 4370 vacat
1366 4315 1409 4368 be-

150 4443 154 4452 r
258 4399 383 4455 zeichnst
401 4401 446 4457 ist.
535 4401 626 4456 2Das
655 4400 785 4471 folgende
805 4401 847 4455 bis
867 4419 928 4456 zum
957 4401 1079 4457 echluase
1097 4401 1145 4458 dea
1163 4401 1292 4457 abeatm
1310 4401 1410 4456 wieder
1482 4429 1483 4436 κ

258 4505 308 4543 aus
328 4487 433 4556 Poggio
452 4489 471 4544 1.
490 4505 512 4543 c.
533 4488 572 4546 12.
648 4489 664 4542 3
683 4485 748 4558 Vgl.
768 4488 873 4558 Poggio
892 4489 910 4542 l.
930 4506 952 4544 c.
973 4489 1014 4543 15.
