3002 5070
649 430 690 497 79

73 608 194 672 cione¹
220 611 328 672 nostra
351 607 573 692 ignorancium
596 606 865 691 subditorumque
887 607 1105 672 inobedienoia
1128 627 1164 669 ac
1187 606 1240 669 de·

74 711 167 776 lictis
194 714 313 778 nostris
334 713 466 778 cottidie
495 710 569 795 plus
592 712 860 776 invalescentibus
888 712 921 775 in
946 711 1120 795 perniciem
1152 715 1184 775 et
1208 712 1240 774 in

75 815 241 882 nichilum
265 818 375 902 redigi.
423 815 537 882 Nonne
560 821 594 881 et
617 839 710 894 nune,
734 818 829 900 culpa
853 821 890 882 ut
912 839 1023 882 vereor
1048 822 1168 894 nostra,
1193 817 1241 879 vi·

75 923 212 1004 demus,
236 923 398 1008 principes
421 930 529 991 nostre
552 925 658 1009 patrie
681 923 856 988 machinari
877 961 915 971 -
933 925 959 988 si
982 924 1063 1007 phas
1089 928 1170 986 esset
1193 921 1241 985 di·

74 1051 150 1094 cere
168 1067 214 1078 -
228 1030 261 1094 in
279 1031 380 1095 tocius
403 1033 450 1095 rei
474 1031 604 1115 publice
627 1029 901 1108 destruccionem,
928 1034 1054 1114 strages
1077 1027 1241 1093 hominum

74 1136 202 1220 absque
226 1135 442 1201 misericordia
464 1141 658 1212 exercentes,
682 1139 714 1198 et
736 1135 819 1217 quod
844 1135 935 1218 peius
958 1139 1027 1211 est,
1063 1134 1131 1198 loca
1153 1153 1242 1197 sacra

75 1241 297 1324 prophanare,
314 1242 486 1307 deteriores
505 1243 538 1307 in
555 1241 703 1306 omnibus
718 1240 809 1324 vicijs
828 1239 1039 1305 Romanorum
1057 1240 1089 1302 in
1107 1237 1243 1322 epistola

76 1353 187 1410 vestra
210 1346 398 1430 explicitis?
433 1345 544 1411 Omnis
571 1347 656 1410 enim
680 1346 826 1428 potentia
850 1345 965 1409 iniurie
982 1345 1084 1408 mixta
1106 1344 1242 1426 speciem

77 1453 310 1534 generositatis
333 1454 465 1518 amittit.
523 1451 582 1517 Sed
600 1451 701 1536 qnid?
737 1449 804 1515 Hac
817 1451 900 1514 mala
915 1451 1058 1514 luctuosa
1081 1455 1113 1512 et
1131 1449 1243 1513 acerba

77 1579 164 1640 equo
189 1557 276 1622 ferre
299 1557 406 1622 animo
429 1577 554 1621 necesse
571 1559 627 1620 est.
675 1553 758 1618 Nam
782 1561 819 1619 ut
835 1552 978 1618 Ciceroni
996 1559 1105 1618 nostro
1121 1553 1244 1636 placet:

82 1661 150 1726 »Ea
175 1661 363 1727 condicione
386 1661 455 1724 nati
478 1681 598 1739 sumus,
624 1664 671 1738 ut,
698 1659 847 1744 quicquid
866 1657 988 1722 adversi
1005 1660 1139 1734 venerit,
1163 1679 1244 1742 equo

79 1767 192 1832 auimo
217 1767 301 1831 ferre
316 1766 513 1832 debeamus«
562 1764 604 1828 Et
619 1761 737 1828 Seneca
751 1764 872 1828 stoicus
888 1763 1096 1828 disertissime
1118 1765 1151 1827 in
1176 1764 1243 1847 epi·
1312 1843 1314 1848 Α

79 1872 167 1936 stola
181 1872 231 1936 xi·
253 1872 293 1936 ad
313 1869 447 1936 Paulum
472 1871 595 1954 inquit:
629 1867 800 1934 ›Feramus
823 1889 906 1953 equo
929 1871 1046 1948 animo,
1069 1869 1152 1955 quod
1176 1888 1244 1932 sors

79 1979 261 2056 concessit,
290 1976 387 2042 donec
410 1976 530 2040 invicta
560 1972 698 2038 felicitas
720 1974 817 2038 finem
840 1974 932 2038 melis
955 1976 1109 2058 imponet.
1155 1973 1244 2037 Tulit

79 2089 112 2146 et
137 2083 202 2149 hoc
218 2083 395 2166 priscorum
410 2087 479 2146 etas
494 2087 571 2146 etc«
621 2079 803 2145 Vindictam
826 2081 1039 2163 spectabimus
1061 2103 1081 2143 a
1106 2081 1242 2144 domino.

82 2227 122 2234 -
140 2187 284 2254 Silencio
307 2188 462 2272 preterire
484 2186 586 2251 multa
607 2207 722 2270 cogor,
757 2185 871 2250 elicere
894 2207 948 2250 vos
971 2208 1008 2250 ex
1041 2187 1149 2270 paucis
1171 2187 1244 2270 plu-

81 2296 167 2358 rima
190 2295 266 2360 scio.
757 2293 770 2312 '

172 2399 223 2465 De
246 2421 283 2465 eo
306 2399 388 2485 qnod
423 2397 586 2475 scribitis,
619 2396 759 2462 Yteliam
784 2397 921 2462 avaricie
943 2399 1080 2482 patriam
1104 2421 1188 2476 esse,
1218 2400 1245 2463 si

83 2505 144 2570 hoc
167 2505 267 2570 fateri
290 2508 429 2588 oportet,
453 2508 531 2568 tune
562 2501 670 2586 plures
693 2523 732 2566 ex
755 2524 789 2566 se
812 2504 926 2587 genuit
948 2503 1008 2567 hoc
1031 2503 1115 2568 malo
1138 2505 1243 2590 inqui-

82 2617 191 2690 natos,
208 2633 287 2696 quos
302 2610 342 2674 ad
358 2631 415 2674 nos
430 2606 621 2673 suamalicia
639 2608 817 2672 transmisit
832 2613 864 2672 et
886 2629 1008 2687 vereor,
1031 2631 1071 2673 ne
1088 2612 1245 2692 procreati

80 2739 117 2782 ex
143 2717 193 2780 eia
214 2717 339 2800 peiores
362 2719 463 2778 matre
485 2714 634 2777 existent.
685 2713 723 2776 ut
746 2715 772 2776 ei
802 2714 941 2778 avaricia
973 2716 1091 2778 nostris
1114 2717 1146 2779 in
1170 2739 1244 2800 per·

82 2823 171 2886 tibus
196 2822 321 2887 laudem
337 2821 467 2885 virtutis
490 2819 701 2904 extingueret,
725 2839 854 2904 quoquo
880 2820 979 2884 aciem
993 2821 1110 2884 mentis
1133 2821 1245 2886 deflec-

83 2935 248 3006 teremus,
280 2928 444 2991 adstarent
470 2925 562 2990 nobis
585 2927 774 2990 documenta
801 2926 880 2990 haut
902 2925 979 2990 vilia
1012 2931 1042 2990 et
1066 2927 1190 3010 private
1213 2933 1245 2991 et

85 3032 216 3114 publice
238 3031 384 3110 avaricie,
406 3035 444 3094 nt
467 3031 495 3094 si
511 3052 620 3095 avaros
636 3030 894 3095 existimaremus
910 3031 1153 3115 redarguendos,
1173 3033 1245 3096 uni-

84 3158 197 3201 versus
228 3137 320 3201 nobie
350 3141 432 3199 esset
456 3136 731 3219 reprehendendus
756 3142 914 3201 terrarum
937 3138 1043 3216 orbis,
1079 3144 1246 3222 totumque

86 3264 191 3326 genus
214 3241 389 3306 humanum
418 3249 502 3306 esset
526 3242 756 3306 immutandum
781 3243 812 3306 in
837 3243 916 3306 alios
944 3264 1063 3319 mores,
1094 3244 1126 3306 in
1150 3242 1245 3307 eliam

88 3347 219 3414 vivendi
241 3347 492 3412 institucionem.
549 3345 650 3410 Nobis
674 3368 768 3429 quam
793 3347 939 3430 pluribus
970 3349 1053 3412 euim
1077 3348 1154 3412 adeo
1176 3348 1244 3412 ino·

87 3455 170 3519 levit
191 3453 325 3537 pecunie
348 3451 514 3536 cupiditas,
538 3459 659 3516 utnon
685 3453 801 3516 vicium
825 3458 873 3516 set
893 3453 993 3516 virtus
1017 3457 1149 3537 putetur
1171 3475 1244 3517 eva-

89 3560 177 3638 rieia,
200 3561 233 3624 et
248 3579 312 3642 quo
328 3558 399 3644 quis
415 3555 512 3621 ditior
527 3557 579 3635 sit,
603 3555 777 3620 honoretur
794 3557 904 3642 magis.
940 3557 1164 3623 Percurremus
1181 3559 1246 3622 sin-

89 3665 177 3747 gola,
201 3662 318 3748 quein
344 3663 402 3727 hoc
424 3668 592 3726 versantur
616 3661 732 3725 mundo
764 3663 914 3744 negocia,
946 3670 1011 3728 tam
1035 3663 1247 3730 ecclesiastica

93 3791 187 3853 qnam
211 3767 377 3845 secularia,
400 3771 433 3831 et
454 3768 648 3832 racionema
670 3769 808 3831 maximo
830 3789 930 3853 usque
945 3770 983 3833 ad
1008 3769 1173 3833 minimum
1197 3769 1246 3832 fa-

91 3875 220 3952 ciamus,
241 3895 347 3938 nonne
370 3873 507 3938 avaricie
530 3877 562 3937 et
584 3873 717 3957 pecunie
740 3895 833 3937 eausa
850 3875 933 3938 fiunt
955 3875 1070 3954 omnia,
1095 3875 1170 3960 quia
1193 3895 1245 3938 eo·

91 3980 184 4044 moda
204 3982 315 4042 nostra
337 3977 403 4041 fere
426 3977 560 4061 pecunia
582 3979 782 4059 pensantur?
820 3975 962 4042 Nonne²
998 3979 1052 4064 qui
1077 4001 1110 4042 se
1133 3981 1171 4044 ad
1195 4003 1245 4042 ur·

95 4087 176 4148 cium
202 4081 384 4148 liberalium
399 4081 504 4146 studia
526 4081 706 4160 conferunt,
723 4085 852 4166 questus
868 4084 1020 4148 aviditate
1039 4083 1099 4148 hoc
1115 4084 1246 4164 faciunt,

94 4195 244 4274 utquam
269 4189 409 4272 primum
432 4187 620 4254 facultatem
642 4209 730 4252 suam
766 4189 797 4252 in
815 4189 953 4254 medium
970 4188 1146 4272 proferant,
1173 4212 1245 4253 ven-

166 4347 176 4399 l
199 4343 234 4401 So
251 4344 351 4409 eodan
370 4343 566 4414 [bJesitacione
593 4363 627 4398 zu
654 4291 787 4400 llessern?
857 4346 949 4400 eoas
974 4344 1105 4414 folgende
1124 4345 1166 4399 bis
1184 4363 1246 4399 zum

94 4431 199 4486 uulua
222 4432 270 4487 der
288 4431 417 4487 absatcoe
436 4433 629 4501 grontenteils
655 4432 782 4487 wtrtlich
801 4451 851 4488 aus
870 4432 995 4502 Poggio,
1015 4431 1176 4488 convivalis
1194 4432 1247 4487 die

98 4520 208 4591 captiva
226 4519 343 4574 historia
362 4519 396 4573 de
416 4518 539 4573 avaritia
558 4519 640 4591 [Opp.
658 4520 796 4591 (Basileus
817 4523 896 4590 1535)
913 4538 940 4590 p.
960 4519 990 4574 ll
1011 4519 1051 4590 ff.)
