<?xml version="1.0" encoding="UTF-8"?>
<!DOCTYPE html PUBLIC "-//W3C//DTD XHTML 1.0 Transitional//EN"
    "http://www.w3.org/TR/xhtml1/DTD/xhtml1-transitional.dtd">
<html xmlns="http://www.w3.org/1999/xhtml" xml:lang="en" lang="en">
 <head>
  <title>
</title>
<meta http-equiv="Content-Type" content="text/html;charset=utf-8" />
  <meta name='ocr-system' content='tesseract 3.04.00' />
  <meta name='ocr-capabilities' content='ocr_page ocr_carea ocr_par ocr_line ocrx_word'/>
</head>
<body>
  <div class='ocr_page' id='page_1' title='image "./hermannschedels00schegoog_0053.png"; bbox 0 0 3002 5070; ppageno 0'>
   <div class='ocr_carea' id='block_1_1' title="bbox 644 433 685 497">
    <p class='ocr_par' dir='ltr' id='par_1_1' title="bbox 644 433 685 497">
     <span class='ocr_line' id='line_1_1' title="bbox 644 433 685 497; baseline 0.024 -1"><span class='ocrx_word' id='word_1_1' title='bbox 644 433 685 497; x_wconf 85' lang='lat'><strong>37</strong></span> 
     </span>
    </p>
   </div>
   <div class='ocr_carea' id='block_1_2' title="bbox 88 603 1243 4178">
    <p class='ocr_par' dir='ltr' id='par_1_2' title="bbox 88 603 1243 4178">
     <span class='ocr_line' id='line_1_2' title="bbox 92 603 1243 694; baseline 0.003 -26"><span class='ocrx_word' id='word_1_2' title='bbox 92 603 241 680; x_wconf 64' lang='lat' dir='ltr'><strong>collidere</strong></span> <span class='ocrx_word' id='word_1_3' title='bbox 273 628 312 674; x_wconf 86' lang='lat' dir='ltr'><strong>ex</strong></span> <span class='ocrx_word' id='word_1_4' title='bbox 347 610 452 675; x_wconf 86' lang='lat' dir='ltr'><strong>auimo</strong></span> <span class='ocrx_word' id='word_1_5' title='bbox 485 611 606 694; x_wconf 88' lang='lat' dir='ltr'><strong>poteris</strong></span> <span class='ocrx_word' id='word_1_6' title='bbox 640 608 829 693; x_wconf 75' lang='lat' dir='ltr'><strong>peroptime.</strong></span> <span class='ocrx_word' id='word_1_7' title='bbox 878 607 1022 673; x_wconf 88' lang='lat' dir='ltr'><strong>Primum</strong></span> <span class='ocrx_word' id='word_1_8' title='bbox 1052 607 1181 692; x_wconf 90' lang='lat' dir='ltr'><strong>quidem</strong></span> <span class='ocrx_word' id='word_1_9' title='bbox 1203 631 1243 672; x_wconf 87' lang='lat' dir='ltr'><strong>en</strong></span> 
     </span>
     <span class='ocr_line' id='line_1_3' title="bbox 93 710 1242 798; baseline 0.003 -24"><span class='ocrx_word' id='word_1_10' title='bbox 93 731 194 775; x_wconf 87' lang='lat' dir='ltr'><strong>seeum</strong></span> <span class='ocrx_word' id='word_1_11' title='bbox 217 714 335 797; x_wconf 85' lang='lat' dir='ltr'><strong>paoisoi</strong></span> <span class='ocrx_word' id='word_1_12' title='bbox 358 713 473 795; x_wconf 80' lang='lat' dir='ltr'><strong>valeas,</strong></span> <span class='ocrx_word' id='word_1_13' title='bbox 497 713 624 794; x_wconf 85' lang='lat' dir='ltr'><strong>labora,</strong></span> <span class='ocrx_word' id='word_1_14' title='bbox 647 735 803 780; x_wconf 89' lang='lat' dir='ltr'><strong>summam</strong></span> <span class='ocrx_word' id='word_1_15' title='bbox 826 711 872 780; x_wconf 90' lang='lat' dir='ltr'><strong>VI</strong></span> <span class='ocrx_word' id='word_1_16' title='bbox 896 713 945 779; x_wconf 82' lang='lat' dir='ltr'><strong>vel</strong></span> <span class='ocrx_word' id='word_1_17' title='bbox 968 710 1049 778; x_wconf 89' lang='lat' dir='ltr'><strong>VIIl</strong></span> <span class='ocrx_word' id='word_1_18' title='bbox 1074 713 1143 780; x_wconf 89' lang='lat' dir='ltr'><strong>flor.</strong></span> <span class='ocrx_word' id='word_1_19' title='bbox 1168 735 1242 798; x_wconf 91' lang='lat' dir='ltr'><strong>pro-</strong></span> 
     </span>
     <span class='ocr_line' id='line_1_4' title="bbox 91 815 1243 904; baseline 0.003 -24"><span class='ocrx_word' id='word_1_20' title='bbox 91 815 251 900; x_wconf 85' lang='lat' dir='ltr'><strong>mittendo,</strong></span> <span class='ocrx_word' id='word_1_21' title='bbox 275 825 312 885; x_wconf 89' lang='lat' dir='ltr'><strong>ut</strong></span> <span class='ocrx_word' id='word_1_22' title='bbox 337 819 432 887; x_wconf 89' lang='lat' dir='ltr'><strong>alieni</strong></span> <span class='ocrx_word' id='word_1_23' title='bbox 456 819 642 887; x_wconf 82' lang='lat' dir='ltr'><strong>eorivalium</strong></span> <span class='ocrx_word' id='word_1_24' title='bbox 666 841 810 886; x_wconf 86' lang='lat' dir='ltr'><strong>meorum</strong></span> <span class='ocrx_word' id='word_1_25' title='bbox 825 819 1005 904; x_wconf 80' lang='lat' dir='ltr'><strong>vagientem</strong></span> <span class='ocrx_word' id='word_1_26' title='bbox 1030 817 1136 898; x_wconf 83' lang='lat' dir='ltr'><strong>donet,</strong></span> <span class='ocrx_word' id='word_1_27' title='bbox 1160 818 1243 904; x_wconf 90' lang='lat' dir='ltr'><strong>quod</strong></span> 
     </span>
     <span class='ocr_line' id='line_1_5' title="bbox 90 923 1242 1011; baseline 0.002 -25"><span class='ocrx_word' id='word_1_28' title='bbox 90 923 114 986; x_wconf 90' lang='lat' dir='ltr'><strong>si</strong></span> <span class='ocrx_word' id='word_1_29' title='bbox 136 923 270 1005; x_wconf 83' lang='lat' dir='ltr'><strong>feeerit,</strong></span> <span class='ocrx_word' id='word_1_30' title='bbox 303 926 410 992; x_wconf 89' lang='lat' dir='ltr'><strong>omnia</strong></span> <span class='ocrx_word' id='word_1_31' title='bbox 440 948 502 1011; x_wconf 89' lang='lat' dir='ltr'><strong>que</strong></span> <span class='ocrx_word' id='word_1_32' title='bbox 525 924 605 992; x_wconf 87' lang='lat' dir='ltr'><strong>mihi</strong></span> <span class='ocrx_word' id='word_1_33' title='bbox 627 924 793 1010; x_wconf 79' lang='lat' dir='ltr'><strong>possibilie</strong></span> <span class='ocrx_word' id='word_1_34' title='bbox 823 929 920 991; x_wconf 89' lang='lat' dir='ltr'><strong>erunt</strong></span> <span class='ocrx_word' id='word_1_35' title='bbox 942 924 992 990; x_wconf 87' lang='lat' dir='ltr'><strong>sui</strong></span> <span class='ocrx_word' id='word_1_36' title='bbox 1015 946 1054 991; x_wconf 86' lang='lat' dir='ltr'><strong>ex</strong></span> <span class='ocrx_word' id='word_1_37' title='bbox 1077 927 1168 1008; x_wconf 89' lang='lat' dir='ltr'><strong>parte</strong></span> <span class='ocrx_word' id='word_1_38' title='bbox 1191 945 1242 988; x_wconf 89' lang='lat' dir='ltr'><strong>me</strong></span> 
     </span>
     <span class='ocr_line' id='line_1_6' title="bbox 90 1026 1240 1117; baseline 0.002 -25"><span class='ocrx_word' id='word_1_39' title='bbox 90 1026 246 1095; x_wconf 80' lang='lat' dir='ltr'><strong>fauturum</strong></span> <span class='ocrx_word' id='word_1_40' title='bbox 270 1030 417 1116; x_wconf 72' lang='lat' dir='ltr'>polliceri</span> <span class='ocrx_word' id='word_1_41' title='bbox 432 1031 554 1117; x_wconf 90' lang='lat' dir='ltr'><strong>poteris</strong></span> <span class='ocrx_word' id='word_1_42' title='bbox 570 1036 603 1097; x_wconf 89' lang='lat' dir='ltr'><strong>et</strong></span> <span class='ocrx_word' id='word_1_43' title='bbox 618 1030 756 1096; x_wconf 78' lang='lat' dir='ltr'><strong>debebis.</strong></span> <span class='ocrx_word' id='word_1_44' title='bbox 802 1029 955 1095; x_wconf 75' lang='lat' dir='ltr'><strong>Attamen</strong></span> <span class='ocrx_word' id='word_1_45' title='bbox 971 1031 998 1095; x_wconf 90' lang='lat' dir='ltr'><strong>si</strong></span> <span class='ocrx_word' id='word_1_46' title='bbox 1014 1029 1084 1094; x_wconf 89' lang='lat' dir='ltr'><strong>fieri</strong></span> <span class='ocrx_word' id='word_1_47' title='bbox 1109 1028 1240 1094; x_wconf 87' lang='lat' dir='ltr'><strong>minime</strong></span> 
     </span>
     <span class='ocr_line' id='line_1_7' title="bbox 89 1133 1241 1219; baseline 0 -19"><span class='ocrx_word' id='word_1_48' title='bbox 89 1135 222 1219; x_wconf 84' lang='lat' dir='ltr'><strong>poterit,</strong></span> <span class='ocrx_word' id='word_1_49' title='bbox 247 1136 306 1203; x_wconf 86' lang='lat' dir='ltr'><strong>hoa</strong></span> <span class='ocrx_word' id='word_1_50' title='bbox 336 1141 401 1204; x_wconf 89' lang='lat' dir='ltr'><strong>tres</strong></span> <span class='ocrx_word' id='word_1_51' title='bbox 431 1138 479 1204; x_wconf 89' lang='lat' dir='ltr'><strong>uti</strong></span> <span class='ocrx_word' id='word_1_52' title='bbox 511 1138 598 1203; x_wconf 82' lang='lat' dir='ltr'><strong>vides</strong></span> <span class='ocrx_word' id='word_1_53' title='bbox 620 1135 757 1202; x_wconf 87' lang='lat' dir='ltr'><strong>florenos</strong></span> <span class='ocrx_word' id='word_1_54' title='bbox 780 1135 957 1215; x_wconf 73' lang='lat' dir='ltr'><strong>transmisi,</strong></span> <span class='ocrx_word' id='word_1_55' title='bbox 996 1133 1111 1200; x_wconf 84' lang='lat' dir='ltr'><strong>utillo</strong></span> <span class='ocrx_word' id='word_1_56' title='bbox 1135 1136 1241 1214; x_wconf 88' lang='lat' dir='ltr'><strong>dones,</strong></span> 
     </span>
     <span class='ocr_line' id='line_1_8' title="bbox 88 1237 1241 1327; baseline -0.002 -22"><span class='ocrx_word' id='word_1_57' title='bbox 88 1241 189 1306; x_wconf 80' lang='lat' dir='ltr'><strong>rivere</strong></span> <span class='ocrx_word' id='word_1_58' title='bbox 204 1244 242 1306; x_wconf 91' lang='lat' dir='ltr'><strong>ut</strong></span> <span class='ocrx_word' id='word_1_59' title='bbox 258 1243 384 1322; x_wconf 84' lang='lat' dir='ltr'><strong>habeat,</strong></span> <span class='ocrx_word' id='word_1_60' title='bbox 407 1245 440 1308; x_wconf 90' lang='lat' dir='ltr'><strong>et</strong></span> <span class='ocrx_word' id='word_1_61' title='bbox 455 1246 532 1310; x_wconf 83' lang='lat' dir='ltr'><strong>ante</strong></span> <span class='ocrx_word' id='word_1_62' title='bbox 546 1242 717 1307; x_wconf 85' lang='lat' dir='ltr'><strong>adventum</strong></span> <span class='ocrx_word' id='word_1_63' title='bbox 734 1241 837 1306; x_wconf 84' lang='lat' dir='ltr'><strong>saneti</strong></span> <span class='ocrx_word' id='word_1_64' title='bbox 858 1239 971 1306; x_wconf 88' lang='lat' dir='ltr'><strong>Jaoobi</strong></span> <span class='ocrx_word' id='word_1_65' title='bbox 989 1237 1064 1326; x_wconf 88' lang='lat' dir='ltr'><strong>[juli</strong></span> <span class='ocrx_word' id='word_1_66' title='bbox 1082 1237 1137 1327; x_wconf 89' lang='lat'><strong>25]</strong></span> <span class='ocrx_word' id='word_1_67' title='bbox 1154 1261 1241 1304; x_wconf 83' lang='lat' dir='ltr'><strong>meus</strong></span> 
     </span>
     <span class='ocr_line' id='line_1_9' title="bbox 90 1345 1240 1435; baseline 0 -26"><span class='ocrx_word' id='word_1_68' title='bbox 90 1347 126 1409; x_wconf 90' lang='lat' dir='ltr'><strong>ad</strong></span> <span class='ocrx_word' id='word_1_69' title='bbox 158 1353 191 1413; x_wconf 88' lang='lat' dir='ltr'><strong>te</strong></span> <span class='ocrx_word' id='word_1_70' title='bbox 224 1347 513 1435; x_wconf 65' lang='lat' dir='ltr'><strong>veuietjlsmulus.</strong></span> <span class='ocrx_word' id='word_1_71' title='bbox 568 1345 601 1413; x_wconf 91' lang='lat' dir='ltr'><strong>Is</strong></span> <span class='ocrx_word' id='word_1_72' title='bbox 632 1351 665 1413; x_wconf 89' lang='lat' dir='ltr'><strong>te</strong></span> <span class='ocrx_word' id='word_1_73' title='bbox 688 1347 799 1414; x_wconf 86' lang='lat' dir='ltr'><strong>reddet</strong></span> <span class='ocrx_word' id='word_1_74' title='bbox 832 1348 866 1412; x_wconf 92' lang='lat' dir='ltr'><strong>in</strong></span> <span class='ocrx_word' id='word_1_75' title='bbox 888 1347 1036 1412; x_wconf 88' lang='lat' dir='ltr'><strong>omnibns</strong></span> <span class='ocrx_word' id='word_1_76' title='bbox 1059 1345 1240 1412; x_wconf 82' lang='lat' dir='ltr'><strong>cerciorem.</strong></span> 
     </span>
     <span class='ocr_line' id='line_1_10' title="bbox 93 1449 1242 1539; baseline 0 -24"><span class='ocrx_word' id='word_1_77' title='bbox 93 1449 211 1539; x_wconf 73' lang='lat' dir='ltr'><strong>Huln]o</strong></span> <span class='ocrx_word' id='word_1_78' title='bbox 235 1456 273 1517; x_wconf 90' lang='lat' dir='ltr'><strong>ut</strong></span> <span class='ocrx_word' id='word_1_79' title='bbox 294 1453 390 1519; x_wconf 90' lang='lat' dir='ltr'><strong>solita</strong></span> <span class='ocrx_word' id='word_1_80' title='bbox 412 1476 476 1539; x_wconf 84' lang='lat' dir='ltr'><strong>qua</strong></span> <span class='ocrx_word' id='word_1_81' title='bbox 492 1475 617 1538; x_wconf 86' lang='lat' dir='ltr'><strong>semper</strong></span> <span class='ocrx_word' id='word_1_82' title='bbox 639 1475 717 1538; x_wconf 79' lang='lat' dir='ltr'><strong>erga</strong></span> <span class='ocrx_word' id='word_1_83' title='bbox 738 1473 789 1518; x_wconf 88' lang='lat' dir='ltr'><strong>me</strong></span> <span class='ocrx_word' id='word_1_84' title='bbox 822 1473 897 1518; x_wconf 88' lang='lat' dir='ltr'><strong>usus</strong></span> <span class='ocrx_word' id='word_1_85' title='bbox 921 1451 1094 1535; x_wconf 82' lang='lat' dir='ltr'><strong>diligencia</strong></span> <span class='ocrx_word' id='word_1_86' title='bbox 1114 1450 1242 1516; x_wconf 82' lang='lat' dir='ltr'><strong>adiuves</strong></span> 
     </span>
     <span class='ocr_line' id='line_1_11' title="bbox 91 1554 1240 1646; baseline 0.003 -28"><span class='ocrx_word' id='word_1_87' title='bbox 91 1554 158 1620; x_wconf 87' lang='lat' dir='ltr'><strong>mlo</strong></span> <span class='ocrx_word' id='word_1_88' title='bbox 173 1561 207 1622; x_wconf 90' lang='lat' dir='ltr'><strong>et</strong></span> <span class='ocrx_word' id='word_1_89' title='bbox 223 1557 285 1640; x_wconf 84' lang='lat' dir='ltr'><strong>illi,</strong></span> <span class='ocrx_word' id='word_1_90' title='bbox 307 1565 345 1626; x_wconf 89' lang='lat' dir='ltr'><strong>ut</strong></span> <span class='ocrx_word' id='word_1_91' title='bbox 361 1581 437 1628; x_wconf 89' lang='lat' dir='ltr'><strong>sano</strong></span> <span class='ocrx_word' id='word_1_92' title='bbox 456 1583 580 1646; x_wconf 85' lang='lat' dir='ltr'><strong>semper</strong></span> <span class='ocrx_word' id='word_1_93' title='bbox 595 1567 652 1628; x_wconf 91' lang='lat' dir='ltr'><strong>tuo</strong></span> <span class='ocrx_word' id='word_1_94' title='bbox 667 1564 777 1626; x_wconf 87' lang='lat' dir='ltr'><strong>utetur</strong></span> <span class='ocrx_word' id='word_1_95' title='bbox 789 1558 932 1639; x_wconf 85' lang='lat' dir='ltr'><strong>oonsilio,</strong></span> <span class='ocrx_word' id='word_1_96' title='bbox 948 1559 1051 1645; x_wconf 81' lang='lat' dir='ltr'><strong>legem</strong></span> <span class='ocrx_word' id='word_1_97' title='bbox 1067 1559 1240 1642; x_wconf 83' lang='lat' dir='ltr'><strong>imponam.</strong></span> 
     </span>
     <span class='ocr_line' id='line_1_12' title="bbox 89 1660 1238 1753; baseline 0 -26"><span class='ocrx_word' id='word_1_98' title='bbox 89 1660 174 1728; x_wconf 74' lang='lat' dir='ltr'><strong>&#39;limo</strong></span> <span class='ocrx_word' id='word_1_99' title='bbox 196 1664 223 1728; x_wconf 92' lang='lat' dir='ltr'><strong>si</strong></span> <span class='ocrx_word' id='word_1_100' title='bbox 248 1669 361 1748; x_wconf 89' lang='lat' dir='ltr'><strong>partus</strong></span> <span class='ocrx_word' id='word_1_101' title='bbox 384 1671 530 1753; x_wconf 87' lang='lat' dir='ltr'><strong>tempore</strong></span> <span class='ocrx_word' id='word_1_102' title='bbox 554 1667 709 1734; x_wconf 89' lang='lat' dir='ltr'><strong>terminus</strong></span> <span class='ocrx_word' id='word_1_103' title='bbox 745 1665 850 1732; x_wconf 83' lang='lat' dir='ltr'><strong>verbis</strong></span> <span class='ocrx_word' id='word_1_104' title='bbox 871 1664 1030 1751; x_wconf 82' lang='lat' dir='ltr'><strong>laetisque</strong></span> <span class='ocrx_word' id='word_1_105' title='bbox 1052 1684 1238 1747; x_wconf 77' lang='lat' dir='ltr'><strong>correspon-</strong></span> 
     </span>
     <span class='ocr_line' id='line_1_13' title="bbox 88 1767 1236 1857; baseline 0.001 -26"><span class='ocrx_word' id='word_1_106' title='bbox 88 1767 137 1832; x_wconf 90' lang='lat' dir='ltr'><strong>det</strong></span> <span class='ocrx_word' id='word_1_107' title='bbox 158 1790 195 1834; x_wconf 89' lang='lat' dir='ltr'><strong>ao</strong></span> <span class='ocrx_word' id='word_1_108' title='bbox 219 1770 336 1835; x_wconf 88' lang='lat' dir='ltr'><strong>habere</strong></span> <span class='ocrx_word' id='word_1_109' title='bbox 359 1793 409 1836; x_wconf 88' lang='lat' dir='ltr'><strong>me</strong></span> <span class='ocrx_word' id='word_1_110' title='bbox 424 1794 558 1857; x_wconf 89' lang='lat' dir='ltr'><strong>puerum</strong></span> <span class='ocrx_word' id='word_1_111' title='bbox 574 1771 742 1837; x_wconf 77' lang='lat' dir='ltr'><strong>necessitas</strong></span> <span class='ocrx_word' id='word_1_112' title='bbox 765 1773 867 1856; x_wconf 81' lang='lat' dir='ltr'><strong>coget,</strong></span> <span class='ocrx_word' id='word_1_113' title='bbox 890 1769 1044 1853; x_wconf 86' lang='lat' dir='ltr'><strong>aooipiam</strong></span> <span class='ocrx_word' id='word_1_114' title='bbox 1068 1767 1149 1834; x_wconf 89' lang='lat' dir='ltr'><strong>etsi</strong></span> <span class='ocrx_word' id='word_1_115' title='bbox 1172 1787 1236 1832; x_wconf 90' lang='lat' dir='ltr'><strong>non</strong></span> 
     </span>
     <span class='ocr_line' id='line_1_14' title="bbox 90 1872 1237 1963; baseline -0.001 -24"><span class='ocrx_word' id='word_1_116' title='bbox 90 1895 144 1958; x_wconf 91' lang='lat' dir='ltr'><strong>pro</strong></span> <span class='ocrx_word' id='word_1_117' title='bbox 166 1897 277 1959; x_wconf 79' lang='lat' dir='ltr'><strong>puero,</strong></span> <span class='ocrx_word' id='word_1_118' title='bbox 300 1881 406 1943; x_wconf 85' lang='lat' dir='ltr'><strong>tamen</strong></span> <span class='ocrx_word' id='word_1_119' title='bbox 430 1901 489 1963; x_wconf 88' lang='lat' dir='ltr'><strong>pro</strong></span> <span class='ocrx_word' id='word_1_120' title='bbox 511 1879 635 1944; x_wconf 89' lang='lat' dir='ltr'><strong>misello</strong></span> <span class='ocrx_word' id='word_1_121' title='bbox 657 1898 694 1943; x_wconf 85' lang='lat' dir='ltr'><strong>ae</strong></span> <span class='ocrx_word' id='word_1_122' title='bbox 715 1875 866 1942; x_wconf 80' lang='lat' dir='ltr'><strong>derelicto</strong></span> <span class='ocrx_word' id='word_1_123' title='bbox 889 1909 931 1924; x_wconf 90' lang='lat'><em>-</em></span> <span class='ocrx_word' id='word_1_124' title='bbox 961 1896 1001 1940; x_wconf 89' lang='lat' dir='ltr'><strong>ne</strong></span> <span class='ocrx_word' id='word_1_125' title='bbox 1016 1873 1077 1939; x_wconf 89' lang='lat' dir='ltr'><strong>tibi</strong></span> <span class='ocrx_word' id='word_1_126' title='bbox 1099 1872 1237 1939; x_wconf 84' lang='lat' dir='ltr'><strong>oaruee¹</strong></span> 
     </span>
     <span class='ocr_line' id='line_1_15' title="bbox 88 1979 1238 2064; baseline -0.002 -21"><span class='ocrx_word' id='word_1_127' title='bbox 88 1979 255 2046; x_wconf 76' lang='lat' dir='ltr'><strong>videar-</strong></span> <span class='ocrx_word' id='word_1_128' title='bbox 272 1983 417 2049; x_wconf 79' lang='lat' dir='ltr'><strong>educabo.</strong></span> <span class='ocrx_word' id='word_1_129' title='bbox 464 1983 600 2051; x_wconf 78' lang='lat' dir='ltr'><strong>Nestore</strong></span> <span class='ocrx_word' id='word_1_130' title='bbox 623 1989 655 2049; x_wconf 87' lang='lat' dir='ltr'><strong>te</strong></span> <span class='ocrx_word' id='word_1_131' title='bbox 678 2005 788 2050; x_wconf 82' lang='lat' dir='ltr'><strong>causas</strong></span> <span class='ocrx_word' id='word_1_132' title='bbox 804 1981 932 2048; x_wconf 87' lang='lat' dir='ltr'><strong>mallem</strong></span> <span class='ocrx_word' id='word_1_133' title='bbox 956 1985 988 2047; x_wconf 93' lang='lat' dir='ltr'><strong>et</strong></span> <span class='ocrx_word' id='word_1_134' title='bbox 1012 1979 1139 2064; x_wconf 91' lang='lat' dir='ltr'><strong>quidem</strong></span> <span class='ocrx_word' id='word_1_135' title='bbox 1162 2000 1238 2062; x_wconf 93' lang='lat' dir='ltr'><strong>pre-</strong></span> 
     </span>
     <span class='ocr_line' id='line_1_16' title="bbox 89 2084 1239 2174; baseline 0 -26"><span class='ocrx_word' id='word_1_136' title='bbox 89 2084 184 2168; x_wconf 77' lang='lat' dir='ltr'><strong>cipue,</strong></span> <span class='ocrx_word' id='word_1_137' title='bbox 208 2093 245 2152; x_wconf 90' lang='lat' dir='ltr'><strong>ut</strong></span> <span class='ocrx_word' id='word_1_138' title='bbox 278 2087 379 2172; x_wconf 86' lang='lat' dir='ltr'><strong>ipsam</strong></span> <span class='ocrx_word' id='word_1_139' title='bbox 413 2090 575 2156; x_wconf 78' lang='lat' dir='ltr'><strong>secederes</strong></span> <span class='ocrx_word' id='word_1_140' title='bbox 606 2111 643 2155; x_wconf 83' lang='lat' dir='ltr'><strong>ao</strong></span> <span class='ocrx_word' id='word_1_141' title='bbox 674 2088 811 2174; x_wconf 81' lang='lat' dir='ltr'><strong>singulis</strong></span> <span class='ocrx_word' id='word_1_142' title='bbox 839 2089 877 2153; x_wconf 88' lang='lat' dir='ltr'><strong>de</strong></span> <span class='ocrx_word' id='word_1_143' title='bbox 909 2085 1003 2152; x_wconf 86' lang='lat' dir='ltr'><strong>faotis</strong></span> <span class='ocrx_word' id='word_1_144' title='bbox 1025 2089 1148 2150; x_wconf 86' lang='lat' dir='ltr'><strong>certum</strong></span> <span class='ocrx_word' id='word_1_145' title='bbox 1171 2105 1239 2150; x_wconf 89' lang='lat' dir='ltr'><strong>eer-</strong></span> 
     </span>
     <span class='ocr_line' id='line_1_17' title="bbox 90 2189 1239 2281; baseline -0.001 -27"><span class='ocrx_word' id='word_1_146' title='bbox 90 2189 205 2256; x_wconf 85' lang='lat' dir='ltr'><strong>tissime</strong></span> <span class='ocrx_word' id='word_1_147' title='bbox 228 2192 321 2258; x_wconf 89' lang='lat' dir='ltr'><strong>dares</strong></span> <span class='ocrx_word' id='word_1_148' title='bbox 343 2217 538 2281; x_wconf 86' lang='lat' dir='ltr'><strong>responsum,</strong></span> <span class='ocrx_word' id='word_1_149' title='bbox 562 2201 595 2262; x_wconf 89' lang='lat' dir='ltr'><strong>et</strong></span> <span class='ocrx_word' id='word_1_150' title='bbox 617 2201 729 2262; x_wconf 84' lang='lat' dir='ltr'><strong>oautue</strong></span> <span class='ocrx_word' id='word_1_151' title='bbox 751 2195 812 2274; x_wconf 82' lang='lat' dir='ltr'><strong>sis,</strong></span> <span class='ocrx_word' id='word_1_152' title='bbox 835 2215 875 2258; x_wconf 89' lang='lat' dir='ltr'><strong>ne</strong></span> <span class='ocrx_word' id='word_1_153' title='bbox 899 2191 1050 2278; x_wconf 83' lang='lat' dir='ltr'><strong>pulvinar</strong></span> <span class='ocrx_word' id='word_1_154' title='bbox 1072 2189 1239 2255; x_wconf 89' lang='lat' dir='ltr'><strong>dimidium</strong></span> 
     </span>
     <span class='ocr_line' id='line_1_18' title="bbox 89 2296 1239 2385; baseline -0.002 -25"><span class='ocrx_word' id='word_1_155' title='bbox 89 2317 143 2378; x_wconf 91' lang='lat' dir='ltr'><strong>pro</strong></span> <span class='ocrx_word' id='word_1_156' title='bbox 164 2317 266 2380; x_wconf 90' lang='lat' dir='ltr'><strong>puero</strong></span> <span class='ocrx_word' id='word_1_157' title='bbox 290 2298 349 2364; x_wconf 89' lang='lat' dir='ltr'><strong>tibi</strong></span> <span class='ocrx_word' id='word_1_158' title='bbox 373 2301 552 2366; x_wconf 88' lang='lat' dir='ltr'><strong>ostenditur</strong></span> <span class='ocrx_word' id='word_1_159' title='bbox 562 2301 610 2385; x_wconf 80' lang='grc' dir='ltr'><strong>(ι),</strong></span> <span class='ocrx_word' id='word_1_160' title='bbox 633 2303 668 2364; x_wconf 90' lang='lat' dir='ltr'><strong>at</strong></span> <span class='ocrx_word' id='word_1_161' title='bbox 690 2320 746 2364; x_wconf 86' lang='lat' dir='ltr'><strong>our</strong></span> <span class='ocrx_word' id='word_1_162' title='bbox 768 2298 905 2383; x_wconf 88' lang='lat' dir='ltr'><strong>sapienti</strong></span> <span class='ocrx_word' id='word_1_163' title='bbox 929 2296 1058 2381; x_wconf 83' lang='lat' dir='ltr'><strong>loquor,</strong></span> <span class='ocrx_word' id='word_1_164' title='bbox 1089 2315 1160 2360; x_wconf 84' lang='lat' dir='ltr'><strong>eum</strong></span> <span class='ocrx_word' id='word_1_165' title='bbox 1184 2299 1239 2359; x_wconf 89' lang='lat' dir='ltr'><strong>tua</strong></span> 
     </span>
     <span class='ocr_line' id='line_1_19' title="bbox 92 2401 1238 2492; baseline 0.002 -29"><span class='ocrx_word' id='word_1_166' title='bbox 92 2401 135 2465; x_wconf 89' lang='lat' dir='ltr'><strong>nil</strong></span> <span class='ocrx_word' id='word_1_167' title='bbox 149 2402 354 2486; x_wconf 86' lang='lat' dir='ltr'><strong>inexpertum</strong></span> <span class='ocrx_word' id='word_1_168' title='bbox 370 2405 539 2492; x_wconf 81' lang='lat' dir='ltr'><strong>diligentia</strong></span> <span class='ocrx_word' id='word_1_169' title='bbox 554 2407 665 2472; x_wconf 77' lang='lat' dir='ltr'><strong>sinat?</strong></span> <span class='ocrx_word' id='word_1_170' title='bbox 680 2441 724 2454; x_wconf 90' lang='lat'><strong>·-</strong></span> <span class='ocrx_word' id='word_1_171' title='bbox 740 2405 830 2470; x_wconf 91' lang='lat' dir='ltr'><strong>Inter</strong></span> <span class='ocrx_word' id='word_1_172' title='bbox 845 2403 908 2469; x_wconf 88' lang='lat' dir='ltr'><strong>elia</strong></span> <span class='ocrx_word' id='word_1_173' title='bbox 924 2407 1031 2468; x_wconf 88' lang='lat' dir='ltr'><strong>autem</strong></span> <span class='ocrx_word' id='word_1_174' title='bbox 1047 2405 1104 2467; x_wconf 89' lang='lat' dir='ltr'><strong>tua</strong></span> <span class='ocrx_word' id='word_1_175' title='bbox 1127 2404 1238 2466; x_wconf 86' lang='lat' dir='ltr'><strong>narrat</strong></span> 
     </span>
     <span class='ocr_line' id='line_1_20' title="bbox 89 2507 1237 2598; baseline -0.003 -24"><span class='ocrx_word' id='word_1_176' title='bbox 89 2507 211 2592; x_wconf 78' lang='lat' dir='ltr'><strong>pagina,</strong></span> <span class='ocrx_word' id='word_1_177' title='bbox 247 2529 317 2574; x_wconf 82' lang='lat' dir='ltr'><strong>eam</strong></span> <span class='ocrx_word' id='word_1_178' title='bbox 343 2529 416 2578; x_wconf 88' lang='lat' dir='ltr'><strong>suos</strong></span> <span class='ocrx_word' id='word_1_179' title='bbox 447 2515 485 2578; x_wconf 89' lang='lat' dir='ltr'><strong>ad</strong></span> <span class='ocrx_word' id='word_1_180' title='bbox 510 2518 658 2598; x_wconf 86' lang='lat' dir='ltr'><strong>parentes</strong></span> <span class='ocrx_word' id='word_1_181' title='bbox 681 2512 865 2578; x_wconf 84' lang='lat' dir='ltr'><strong>redituram.</strong></span> <span class='ocrx_word' id='word_1_182' title='bbox 912 2508 958 2575; x_wconf 88' lang='lat' dir='ltr'><strong>De</strong></span> <span class='ocrx_word' id='word_1_183' title='bbox 990 2508 1050 2573; x_wconf 88' lang='lat' dir='ltr'><strong>hoo</strong></span> <span class='ocrx_word' id='word_1_184' title='bbox 1075 2507 1101 2570; x_wconf 90' lang='lat' dir='ltr'><strong>si</strong></span> <span class='ocrx_word' id='word_1_185' title='bbox 1124 2527 1182 2590; x_wconf 90' lang='lat' dir='ltr'><strong>per</strong></span> <span class='ocrx_word' id='word_1_186' title='bbox 1204 2510 1237 2571; x_wconf 90' lang='lat' dir='ltr'><strong>te</strong></span> 
     </span>
     <span class='ocr_line' id='line_1_21' title="bbox 89 2610 1237 2701; baseline 0.001 -25"><span class='ocrx_word' id='word_1_187' title='bbox 89 2619 170 2678; x_wconf 82' lang='lat' dir='ltr'><strong>serta</strong></span> <span class='ocrx_word' id='word_1_188' title='bbox 192 2611 274 2678; x_wconf 89' lang='lat' dir='ltr'><strong>mihi</strong></span> <span class='ocrx_word' id='word_1_189' title='bbox 298 2614 374 2680; x_wconf 90' lang='lat' dir='ltr'><strong>fides</strong></span> <span class='ocrx_word' id='word_1_190' title='bbox 397 2616 498 2695; x_wconf 76' lang='lat' dir='ltr'><strong>fieret,</strong></span> <span class='ocrx_word' id='word_1_191' title='bbox 522 2621 636 2682; x_wconf 82' lang='lat' dir='ltr'><strong>cuneta</strong></span> <span class='ocrx_word' id='word_1_192' title='bbox 659 2615 782 2701; x_wconf 89' lang='lat' dir='ltr'><strong>equiori</strong></span> <span class='ocrx_word' id='word_1_193' title='bbox 805 2615 890 2680; x_wconf 85' lang='lat' dir='ltr'><strong>ferre</strong></span> <span class='ocrx_word' id='word_1_194' title='bbox 913 2613 1020 2679; x_wconf 88' lang='lat' dir='ltr'><strong>animo</strong></span> <span class='ocrx_word' id='word_1_195' title='bbox 1042 2610 1179 2677; x_wconf 77' lang='lat' dir='ltr'><strong>valerem</strong></span> <span class='ocrx_word' id='word_1_196' title='bbox 1204 2616 1237 2677; x_wconf 91' lang='lat' dir='ltr'><strong>et</strong></span> 
     </span>
     <span class='ocr_line' id='line_1_22' title="bbox 91 2716 1236 2806; baseline 0 -26"><span class='ocrx_word' id='word_1_197' title='bbox 91 2717 167 2784; x_wconf 79' lang='lat' dir='ltr'><strong>forte</strong></span> <span class='ocrx_word' id='word_1_198' title='bbox 194 2719 318 2786; x_wconf 80' lang='lat' dir='ltr'><strong>maiore</strong></span> <span class='ocrx_word' id='word_1_199' title='bbox 347 2721 497 2801; x_wconf 81' lang='lat' dir='ltr'><strong>facerem,</strong></span> <span class='ocrx_word' id='word_1_200' title='bbox 534 2744 628 2806; x_wconf 87' lang='lat' dir='ltr'><strong>qnam</strong></span> <span class='ocrx_word' id='word_1_201' title='bbox 652 2721 778 2802; x_wconf 83' lang='lat' dir='ltr'><strong>nuncio,</strong></span> <span class='ocrx_word' id='word_1_202' title='bbox 802 2721 930 2786; x_wconf 87' lang='lat' dir='ltr'><strong>eredens</strong></span> <span class='ocrx_word' id='word_1_203' title='bbox 953 2716 1174 2800; x_wconf 89' lang='lat' dir='ltr'><strong>memetipsum</strong></span> <span class='ocrx_word' id='word_1_204' title='bbox 1198 2737 1236 2782; x_wconf 87' lang='lat' dir='ltr'><strong>ex</strong></span> 
     </span>
     <span class='ocr_line' id='line_1_23' title="bbox 90 2820 1236 2912; baseline -0.002 -25"><span class='ocrx_word' id='word_1_205' title='bbox 90 2821 144 2889; x_wconf 86' lang='lat' dir='ltr'><strong>hoe</strong></span> <span class='ocrx_word' id='word_1_206' title='bbox 166 2826 318 2891; x_wconf 89' lang='lat' dir='ltr'><strong>meritum</strong></span> <span class='ocrx_word' id='word_1_207' title='bbox 344 2828 495 2912; x_wconf 76' lang='lat' dir='ltr'><strong>consequi</strong></span> <span class='ocrx_word' id='word_1_208' title='bbox 527 2849 626 2911; x_wconf 87' lang='lat' dir='ltr'><strong>posse.</strong></span> <span class='ocrx_word' id='word_1_209' title='bbox 682 2826 738 2894; x_wconf 83' lang='lat' dir='ltr'><strong>Set</strong></span> <span class='ocrx_word' id='word_1_210' title='bbox 767 2849 806 2892; x_wconf 90' lang='lat' dir='ltr'><strong>ne</strong></span> <span class='ocrx_word' id='word_1_211' title='bbox 828 2824 934 2909; x_wconf 84' lang='lat' dir='ltr'><strong>vulpis</strong></span> <span class='ocrx_word' id='word_1_212' title='bbox 957 2822 1056 2888; x_wconf 82' lang='lat' dir='ltr'><strong>lateat</strong></span> <span class='ocrx_word' id='word_1_213' title='bbox 1079 2820 1138 2887; x_wconf 86' lang='lat' dir='ltr'><strong>sub</strong></span> <span class='ocrx_word' id='word_1_214' title='bbox 1163 2841 1236 2906; x_wconf 88' lang='lat' dir='ltr'><strong>peo-</strong></span> 
     </span>
     <span class='ocr_line' id='line_1_24' title="bbox 92 2925 1237 3012; baseline -0.003 -18"><span class='ocrx_word' id='word_1_215' title='bbox 92 2933 154 2995; x_wconf 84' lang='lat' dir='ltr'><strong>tore</strong></span> <span class='ocrx_word' id='word_1_216' title='bbox 177 2931 286 2996; x_wconf 87' lang='lat' dir='ltr'><strong>timeo.</strong></span> <span class='ocrx_word' id='word_1_217' title='bbox 333 2929 428 2997; x_wconf 86' lang='lat' dir='ltr'><strong>Bines</strong></span> <span class='ocrx_word' id='word_1_218' title='bbox 452 2933 536 2998; x_wconf 90' lang='lat' dir='ltr'><strong>euim</strong></span> <span class='ocrx_word' id='word_1_219' title='bbox 556 2933 643 2999; x_wconf 87' lang='lat' dir='ltr'><strong>misit</strong></span> <span class='ocrx_word' id='word_1_220' title='bbox 665 2933 801 3012; x_wconf 85' lang='lat' dir='ltr'><strong>litteras,</strong></span> <span class='ocrx_word' id='word_1_221' title='bbox 825 2953 888 2996; x_wconf 92' lang='lat' dir='ltr'><strong>une</strong></span> <span class='ocrx_word' id='word_1_222' title='bbox 912 2929 943 2996; x_wconf 95' lang='lat' dir='ltr'><strong>id</strong></span> <span class='ocrx_word' id='word_1_223' title='bbox 965 2927 1150 3005; x_wconf 81' lang='lat' dir='ltr'><strong>affirmant,</strong></span> <span class='ocrx_word' id='word_1_224' title='bbox 1174 2925 1237 2990; x_wconf 88' lang='lat' dir='ltr'><strong>alie</strong></span> 
     </span>
     <span class='ocr_line' id='line_1_25' title="bbox 90 3030 1234 3118; baseline -0.003 -19"><span class='ocrx_word' id='word_1_225' title='bbox 90 3037 277 3101; x_wconf 84' lang='lat' dir='ltr'><strong>eontrarium</strong></span> <span class='ocrx_word' id='word_1_226' title='bbox 308 3037 376 3102; x_wconf 89' lang='lat' dir='ltr'><strong>eius</strong></span> <span class='ocrx_word' id='word_1_227' title='bbox 398 3037 518 3104; x_wconf 86' lang='lat' dir='ltr'><strong>direete</strong></span> <span class='ocrx_word' id='word_1_228' title='bbox 540 3039 705 3105; x_wconf 83' lang='lat' dir='ltr'><strong>induerint.</strong></span> <span class='ocrx_word' id='word_1_229' title='bbox 751 3039 904 3103; x_wconf 75' lang='lat' dir='ltr'><strong>Attamen</strong></span> <span class='ocrx_word' id='word_1_230' title='bbox 937 3053 1087 3118; x_wconf 86' lang='lat' dir='ltr'><strong>quorsum</strong></span> <span class='ocrx_word' id='word_1_231' title='bbox 1111 3030 1234 3110; x_wconf 77' lang='lat' dir='ltr'><strong>evadet,</strong></span> 
     </span>
     <span class='ocr_line' id='line_1_26' title="bbox 91 3143 1238 3230; baseline -0.003 -26"><span class='ocrx_word' id='word_1_232' title='bbox 91 3163 135 3205; x_wconf 87' lang='lat' dir='ltr'><strong>me</strong></span> <span class='ocrx_word' id='word_1_233' title='bbox 167 3165 187 3207; x_wconf 85' lang='lat' dir='ltr'><strong>a</strong></span> <span class='ocrx_word' id='word_1_234' title='bbox 219 3164 318 3227; x_wconf 89' lang='lat' dir='ltr'><strong>puero</strong></span> <span class='ocrx_word' id='word_1_235' title='bbox 351 3143 528 3228; x_wconf 82' lang='lat' dir='ltr'><strong>periclitari</strong></span> <span class='ocrx_word' id='word_1_236' title='bbox 562 3166 626 3211; x_wconf 91' lang='lat' dir='ltr'><strong>non</strong></span> <span class='ocrx_word' id='word_1_237' title='bbox 657 3165 748 3230; x_wconf 87' lang='lat' dir='ltr'><strong>posse</strong></span> <span class='ocrx_word' id='word_1_238' title='bbox 770 3143 900 3228; x_wconf 82' lang='lat' dir='ltr'><strong>opinor,</strong></span> <span class='ocrx_word' id='word_1_239' title='bbox 933 3162 1005 3207; x_wconf 87' lang='lat' dir='ltr'><strong>eum</strong></span> <span class='ocrx_word' id='word_1_240' title='bbox 1033 3161 1085 3204; x_wconf 84' lang='lat' dir='ltr'><strong>ma</strong></span> <span class='ocrx_word' id='word_1_241' title='bbox 1106 3159 1181 3222; x_wconf 88' lang='lat' dir='ltr'><strong>sepe</strong></span> <span class='ocrx_word' id='word_1_242' title='bbox 1202 3159 1238 3202; x_wconf 87' lang='lat' dir='ltr'><strong>eo</strong></span> 
     </span>
     <span class='ocr_line' id='line_1_27' title="bbox 90 3242 1236 3330; baseline -0.004 -19"><span class='ocrx_word' id='word_1_243' title='bbox 90 3247 187 3330; x_wconf 87' lang='lat' dir='ltr'><strong>sepius</strong></span> <span class='ocrx_word' id='word_1_244' title='bbox 215 3248 256 3313; x_wconf 86' lang='lat' dir='ltr'><strong>ab</strong></span> <span class='ocrx_word' id='word_1_245' title='bbox 284 3248 421 3316; x_wconf 80' lang='lat' dir='ltr'><strong>illimato</strong></span> <span class='ocrx_word' id='word_1_246' title='bbox 451 3272 488 3316; x_wconf 90' lang='lat' dir='ltr'><strong>ao</strong></span> <span class='ocrx_word' id='word_1_247' title='bbox 510 3250 682 3316; x_wconf 87' lang='lat' dir='ltr'><strong>furibundo</strong></span> <span class='ocrx_word' id='word_1_248' title='bbox 712 3247 832 3313; x_wconf 88' lang='lat' dir='ltr'><strong>villano</strong></span> <span class='ocrx_word' id='word_1_249' title='bbox 863 3269 959 3312; x_wconf 82' lang='lat' dir='ltr'><strong>manu</strong></span> <span class='ocrx_word' id='word_1_250' title='bbox 993 3244 1070 3310; x_wconf 86' lang='lat' dir='ltr'><strong>forti</strong></span> <span class='ocrx_word' id='word_1_251' title='bbox 1094 3242 1236 3308; x_wconf 78' lang='lat' dir='ltr'><strong>defensa-</strong></span> 
     </span>
     <span class='ocr_line' id='line_1_28' title="bbox 94 3348 1237 3440; baseline -0.001 -27"><span class='ocrx_word' id='word_1_252' title='bbox 94 3353 194 3434; x_wconf 84' lang='lat' dir='ltr'><strong>rerim,</strong></span> <span class='ocrx_word' id='word_1_253' title='bbox 218 3375 276 3418; x_wconf 88' lang='lat' dir='ltr'><strong>nea</strong></span> <span class='ocrx_word' id='word_1_254' title='bbox 298 3354 376 3420; x_wconf 88' lang='lat' dir='ltr'><strong>mihi</strong></span> <span class='ocrx_word' id='word_1_255' title='bbox 392 3355 426 3420; x_wconf 89' lang='lat' dir='ltr'><strong>in</strong></span> <span class='ocrx_word' id='word_1_256' title='bbox 441 3355 624 3440; x_wconf 76' lang='lat' dir='ltr'><strong>dampnum,</strong></span> <span class='ocrx_word' id='word_1_257' title='bbox 647 3377 754 3440; x_wconf 88' lang='lat' dir='ltr'><strong>ymmo</strong></span> <span class='ocrx_word' id='word_1_258' title='bbox 770 3354 804 3419; x_wconf 93' lang='lat' dir='ltr'><strong>iu</strong></span> <span class='ocrx_word' id='word_1_259' title='bbox 828 3353 1060 3419; x_wconf 75' lang='lat' dir='ltr'><strong>eorreptionem</strong></span> <span class='ocrx_word' id='word_1_260' title='bbox 1082 3371 1150 3414; x_wconf 88' lang='lat' dir='ltr'><strong>mee</strong></span> <span class='ocrx_word' id='word_1_261' title='bbox 1172 3348 1237 3414; x_wconf 80' lang='lat' dir='ltr'><strong>vite</strong></span> 
     </span>
     <span class='ocr_line' id='line_1_29' title="bbox 91 3453 1237 3543; baseline 0 -24"><span class='ocrx_word' id='word_1_262' title='bbox 91 3479 264 3543; x_wconf 90' lang='lat' dir='ltr'><strong>asuperno</strong></span> <span class='ocrx_word' id='word_1_263' title='bbox 279 3460 410 3526; x_wconf 88' lang='lat' dir='ltr'><strong>numine</strong></span> <span class='ocrx_word' id='word_1_264' title='bbox 433 3461 557 3526; x_wconf 79' lang='lat' dir='ltr'><strong>evenire</strong></span> <span class='ocrx_word' id='word_1_265' title='bbox 579 3460 734 3540; x_wconf 83' lang='lat' dir='ltr'><strong>existimo,</strong></span> <span class='ocrx_word' id='word_1_266' title='bbox 758 3459 838 3524; x_wconf 91' lang='lat' dir='ltr'><strong>illud</strong></span> <span class='ocrx_word' id='word_1_267' title='bbox 854 3464 946 3543; x_wconf 85' lang='lat' dir='ltr'><strong>poete</strong></span> <span class='ocrx_word' id='word_1_268' title='bbox 962 3479 1021 3542; x_wconf 90' lang='lat' dir='ltr'><strong>pro</strong></span> <span class='ocrx_word' id='word_1_269' title='bbox 1045 3476 1096 3519; x_wconf 91' lang='lat' dir='ltr'><strong>me</strong></span> <span class='ocrx_word' id='word_1_270' title='bbox 1118 3453 1237 3520; x_wconf 83' lang='lat' dir='ltr'><strong>ferens:</strong></span> 
     </span>
     <span class='ocr_line' id='line_1_30' title="bbox 95 3561 1237 3650; baseline -0.003 -22"><span class='ocrx_word' id='word_1_271' title='bbox 95 3563 267 3631; x_wconf 83' lang='lat' dir='ltr'><strong>»Continuo</strong></span> <span class='ocrx_word' id='word_1_272' title='bbox 299 3572 406 3632; x_wconf 84' lang='lat' dir='ltr'><strong>sontes</strong></span> <span class='ocrx_word' id='word_1_273' title='bbox 434 3565 537 3632; x_wconf 82' lang='lat' dir='ltr'><strong>ultrix</strong></span> <span class='ocrx_word' id='word_1_274' title='bbox 568 3567 709 3632; x_wconf 80' lang='lat' dir='ltr'><strong>aesinota</strong></span> <span class='ocrx_word' id='word_1_275' title='bbox 736 3563 866 3650; x_wconf 82' lang='lat' dir='ltr'><strong>flagello</strong></span> <span class='ocrx_word' id='word_1_276' title='bbox 889 3563 1095 3648; x_wconf 82' lang='lat' dir='ltr'><strong>Thesiphoue</strong></span> <span class='ocrx_word' id='word_1_277' title='bbox 1132 3561 1237 3646; x_wconf 84' lang='lat' dir='ltr'><strong>quatit</strong></span> 
     </span>
     <span class='ocr_line' id='line_1_31' title="bbox 92 3666 1233 3756; baseline 0.001 -26"><span class='ocrx_word' id='word_1_278' title='bbox 92 3666 243 3736; x_wconf 88' lang='lat' dir='ltr'><strong>insultans</strong></span> <span class='ocrx_word' id='word_1_279' title='bbox 258 3676 337 3736; x_wconf 76' lang='lat' dir='ltr'><strong>eto«</strong></span> <span class='ocrx_word' id='word_1_280' title='bbox 380 3670 451 3738; x_wconf 87' lang='lat' dir='ltr'><strong>Heu</strong></span> <span class='ocrx_word' id='word_1_281' title='bbox 468 3671 604 3756; x_wconf 75' lang='lat' dir='ltr'><strong>peceavi,</strong></span> <span class='ocrx_word' id='word_1_282' title='bbox 620 3671 683 3755; x_wconf 86' lang='lat' dir='ltr'><strong>hijs</strong></span> <span class='ocrx_word' id='word_1_283' title='bbox 700 3671 819 3736; x_wconf 83' lang='lat' dir='ltr'><strong>maiora</strong></span> <span class='ocrx_word' id='word_1_284' title='bbox 831 3670 931 3736; x_wconf 90' lang='lat' dir='ltr'><strong>merui</strong></span> <span class='ocrx_word' id='word_1_285' title='bbox 945 3673 953 3735; x_wconf 84' lang='grc' dir='ltr'><strong>ι</strong></span> <span class='ocrx_word' id='word_1_286' title='bbox 999 3667 1130 3733; x_wconf 88' lang='lat' dir='ltr'><strong>Utinam</strong></span> <span class='ocrx_word' id='word_1_287' title='bbox 1146 3689 1233 3732; x_wconf 92' lang='lat' dir='ltr'><strong>sum·</strong></span> 
     </span>
     <span class='ocr_line' id='line_1_32' title="bbox 93 3772 1233 3860; baseline -0.001 -24"><span class='ocrx_word' id='word_1_288' title='bbox 93 3795 154 3839; x_wconf 88' lang='lat' dir='ltr'><strong>mus</strong></span> <span class='ocrx_word' id='word_1_289' title='bbox 176 3776 230 3842; x_wconf 92' lang='lat' dir='ltr'><strong>ille</strong></span> <span class='ocrx_word' id='word_1_290' title='bbox 252 3775 383 3860; x_wconf 85' lang='lat' dir='ltr'><strong>Jupiter</strong></span> <span class='ocrx_word' id='word_1_291' title='bbox 404 3777 483 3842; x_wconf 89' lang='lat' dir='ltr'><strong>mihi</strong></span> <span class='ocrx_word' id='word_1_292' title='bbox 507 3797 569 3842; x_wconf 90' lang='lat' dir='ltr'><strong>nou</strong></span> <span class='ocrx_word' id='word_1_293' title='bbox 594 3777 683 3842; x_wconf 87' lang='lat' dir='ltr'><strong>ianoe</strong></span> <span class='ocrx_word' id='word_1_294' title='bbox 708 3776 834 3841; x_wconf 84' lang='lat' dir='ltr'><strong>iusticie</strong></span> <span class='ocrx_word' id='word_1_295' title='bbox 856 3781 904 3840; x_wconf 90' lang='lat' dir='ltr'><strong>set</strong></span> <span class='ocrx_word' id='word_1_296' title='bbox 937 3772 1150 3839; x_wconf 79' lang='lat' dir='ltr'><strong>misericordie</strong></span> <span class='ocrx_word' id='word_1_297' title='bbox 1175 3792 1233 3855; x_wconf 88' lang='lat' dir='ltr'><strong>pro</strong></span> 
     </span>
     <span class='ocr_line' id='line_1_33' title="bbox 95 3877 1235 3965; baseline 0.001 -25"><span class='ocrx_word' id='word_1_298' title='bbox 95 3878 168 3944; x_wconf 86' lang='lat' dir='ltr'><strong>male</strong></span> <span class='ocrx_word' id='word_1_299' title='bbox 190 3881 311 3947; x_wconf 89' lang='lat' dir='ltr'><strong>meritis</strong></span> <span class='ocrx_word' id='word_1_300' title='bbox 334 3882 457 3948; x_wconf 88' lang='lat' dir='ltr'><strong>tribuat</strong></span> <span class='ocrx_word' id='word_1_301' title='bbox 479 3887 538 3948; x_wconf 85' lang='lat' dir='ltr'><strong>eto.</strong></span> <span class='ocrx_word' id='word_1_302' title='bbox 585 3880 742 3948; x_wconf 79' lang='lat' dir='ltr'><strong>Finaliter</strong></span> <span class='ocrx_word' id='word_1_303' title='bbox 764 3903 813 3946; x_wconf 88' lang='lat' dir='ltr'><strong>me</strong></span> <span class='ocrx_word' id='word_1_304' title='bbox 835 3902 967 3965; x_wconf 89' lang='lat' dir='ltr'><strong>meaque</strong></span> <span class='ocrx_word' id='word_1_305' title='bbox 983 3883 1037 3946; x_wconf 87' lang='lat' dir='ltr'><strong>tus</strong></span> <span class='ocrx_word' id='word_1_306' title='bbox 1061 3877 1133 3943; x_wconf 86' lang='lat' dir='ltr'><strong>fidei</strong></span> <span class='ocrx_word' id='word_1_307' title='bbox 1149 3899 1235 3942; x_wconf 88' lang='lat' dir='ltr'><strong>oom-</strong></span> 
     </span>
     <span class='ocr_line' id='line_1_34' title="bbox 94 3981 1233 4070; baseline 0 -24"><span class='ocrx_word' id='word_1_308' title='bbox 94 3984 181 4051; x_wconf 86' lang='lat' dir='ltr'><strong>mitto</strong></span> <span class='ocrx_word' id='word_1_309' title='bbox 202 4009 239 4052; x_wconf 87' lang='lat' dir='ltr'><strong>ae</strong></span> <span class='ocrx_word' id='word_1_310' title='bbox 262 3988 446 4053; x_wconf 81' lang='lat' dir='ltr'><strong>commendo</strong></span> <span class='ocrx_word' id='word_1_311' title='bbox 468 3987 583 4053; x_wconf 87' lang='lat' dir='ltr'><strong>omnia.</strong></span> <span class='ocrx_word' id='word_1_312' title='bbox 630 3986 709 4052; x_wconf 83' lang='lat' dir='ltr'><strong>Vale</strong></span> <span class='ocrx_word' id='word_1_313' title='bbox 740 4007 777 4052; x_wconf 83' lang='lat' dir='ltr'><strong>ao</strong></span> <span class='ocrx_word' id='word_1_314' title='bbox 800 3985 893 4070; x_wconf 87' lang='lat' dir='ltr'><strong>plura</strong></span> <span class='ocrx_word' id='word_1_315' title='bbox 923 3986 961 4050; x_wconf 92' lang='lat' dir='ltr'><strong>de</strong></span> <span class='ocrx_word' id='word_1_316' title='bbox 984 3987 1069 4050; x_wconf 89' lang='lat' dir='ltr'><strong>stato</strong></span> <span class='ocrx_word' id='word_1_317' title='bbox 1102 3988 1156 4047; x_wconf 92' lang='lat' dir='ltr'><strong>tuo</strong></span> <span class='ocrx_word' id='word_1_318' title='bbox 1179 3981 1233 4047; x_wconf 89' lang='lat' dir='ltr'><strong>ed·</strong></span> 
     </span>
     <span class='ocr_line' id='line_1_35' title="bbox 93 4086 1236 4178; baseline 0.003 -29"><span class='ocrx_word' id='word_1_319' title='bbox 93 4095 210 4156; x_wconf 81' lang='lat' dir='ltr'><strong>ventum</strong></span> <span class='ocrx_word' id='word_1_320' title='bbox 223 4090 236 4128; x_wconf 85' lang='lat'><strong>¹</strong></span> <span class='ocrx_word' id='word_1_321' title='bbox 247 4091 421 4177; x_wconf 82' lang='lat' dir='ltr'><strong>Goesaprot</strong></span> <span class='ocrx_word' id='word_1_322' title='bbox 436 4097 469 4158; x_wconf 86' lang='lat' dir='ltr'><strong>et</strong></span> <span class='ocrx_word' id='word_1_323' title='bbox 485 4093 562 4178; x_wconf 89' lang='lat' dir='ltr'><strong>quid</strong></span> <span class='ocrx_word' id='word_1_324' title='bbox 575 4114 653 4178; x_wconf 83' lang='lat' dir='ltr'><strong>ages</strong></span> <span class='ocrx_word' id='word_1_325' title='bbox 668 4092 792 4177; x_wconf 89' lang='lat' dir='ltr'><strong>etquid</strong></span> <span class='ocrx_word' id='word_1_326' title='bbox 807 4097 922 4177; x_wconf 82' lang='lat' dir='ltr'><strong>agetur</strong></span> <span class='ocrx_word' id='word_1_327' title='bbox 939 4086 1236 4155; x_wconf 75' lang='lat' dir='ltr'><strong>rescribe-Nunc</strong></span> 
     </span>
    </p>
   </div>
   <div class='ocr_carea' id='block_1_3' title="bbox 648 4241 666 4279">
    <p class='ocr_par' dir='ltr' id='par_1_3' title="bbox 648 4241 666 4279">
     <span class='ocr_line' id='line_1_36' title="bbox 648 4241 666 4279; baseline 0 -7"><span class='ocrx_word' id='word_1_328' title='bbox 648 4241 666 4279; x_wconf 59' lang='grc' dir='ltr'><em>ὴ</em></span> 
     </span>
    </p>
   </div>
   <div class='ocr_carea' id='block_1_4' title="bbox 97 4341 1235 4579">
    <p class='ocr_par' dir='ltr' id='par_1_4' title="bbox 97 4341 1235 4579">
     <span class='ocr_line' id='line_1_37' title="bbox 163 4341 1235 4417; baseline -0.006 -16"><span class='ocrx_word' id='word_1_329' title='bbox 163 4349 171 4401; x_wconf 93' lang='lat' dir='ltr'><strong>l</strong></span> <span class='ocrx_word' id='word_1_330' title='bbox 192 4363 307 4402; x_wconf 77' lang='lat' dir='ltr'><strong>mmnoa</strong></span> <span class='ocrx_word' id='word_1_331' title='bbox 320 4363 409 4417; x_wconf 79' lang='lat' dir='ltr'><strong>genus</strong></span> <span class='ocrx_word' id='word_1_332' title='bbox 421 4345 564 4402; x_wconf 81' lang='lat' dir='ltr'><strong>vehiculi?</strong></span> <span class='ocrx_word' id='word_1_333' title='bbox 583 4345 734 4402; x_wconf 82' lang='lat' dir='ltr'><strong>Vielleieht</strong></span> <span class='ocrx_word' id='word_1_334' title='bbox 743 4343 828 4401; x_wconf 89' lang='lat' dir='ltr'><strong>stand</strong></span> <span class='ocrx_word' id='word_1_335' title='bbox 840 4341 1005 4400; x_wconf 77' lang='lat' dir='ltr'><strong>earnes⁰¹=</strong></span> <span class='ocrx_word' id='word_1_336' title='bbox 1013 4341 1169 4404; x_wconf 81' lang='lat' dir='ltr'><strong>earneator.</strong></span> <span class='ocrx_word' id='word_1_337' title='bbox 1181 4357 1235 4395; x_wconf 85' lang='lat' dir='ltr'><strong>wo·</strong></span> 
     </span>
     <span class='ocr_line' id='line_1_38' title="bbox 99 4427 1234 4508; baseline -0.008 -17"><span class='ocrx_word' id='word_1_338' title='bbox 99 4432 137 4485; x_wconf 74' lang='lat' dir='ltr'><strong>fiir</strong></span> <span class='ocrx_word' id='word_1_339' title='bbox 162 4433 337 4491; x_wconf 77' lang='lat' dir='ltr'><strong>Dieffenbaeh</strong></span> <span class='ocrx_word' id='word_1_340' title='bbox 362 4433 407 4490; x_wconf 87' lang='lat' dir='ltr'><strong>die</strong></span> <span class='ocrx_word' id='word_1_341' title='bbox 429 4434 590 4508; x_wconf 79' lang='lat' dir='ltr'><strong>bedeutung</strong></span> <span class='ocrx_word' id='word_1_342' title='bbox 616 4435 765 4506; x_wconf 80' lang='lat' dir='ltr'><strong>metriger‚</strong></span> <span class='ocrx_word' id='word_1_343' title='bbox 792 4433 911 4490; x_wconf 81' lang='lat' dir='ltr'><strong>henoker</strong></span> <span class='ocrx_word' id='word_1_344' title='bbox 939 4431 1024 4504; x_wconf 75' lang='lat' dir='ltr'><strong>gisbt.</strong></span> <span class='ocrx_word' id='word_1_345' title='bbox 1123 4427 1234 4494; x_wconf 74' lang='lat' dir='ltr'><strong>tapud</strong></span> 
     </span>
     <span class='ocr_line' id='line_1_39' title="bbox 97 4522 227 4579; baseline 0.038 -5"><span class='ocrx_word' id='word_1_346' title='bbox 97 4522 227 4579; x_wconf 75' lang='grc' dir='ltr'><strong>ιιιοιιιιιι</strong></span> 
     </span>
    </p>
   </div>
   <div class='ocr_carea' id='block_1_5' title="bbox 0 0 1506 5070">
    <p class='ocr_par' dir='ltr' id='par_1_5' title="bbox 0 0 1506 5070">
     <span class='ocr_line' id='line_1_40' title="bbox 0 0 1506 5070; baseline 0 0"><span class='ocrx_word' id='word_1_347' title='bbox 0 0 1506 5070; x_wconf 95' lang='lat' dir='ltr'><strong> </strong></span> 
     </span>
    </p>
   </div>
  </div>
 </body>
</html>
