2990 5068
808 403 868 469 1³6

258 581 323 646 sive
347 583 491 666 quemvis
516 581 624 647 alium.
678 579 793 643 Eodem
819 600 876 644 nos
898 579 1008 644 itidem
1033 579 1142 656 modo,
1180 579 1206 642 si
1230 583 1269 643 nt
1291 577 1413 643 indele-

259 685 333 750 bilis
356 687 399 750 sit
420 688 503 770 apud
530 707 587 752 nos
610 685 781 770 probitatis
807 685 984 765 sentencia,
1008 685 1165 770 cupimus,
1188 707 1259 751 cnm
1284 685 1339 750 his
1362 705 1415 748 ex-

260 792 379 857 traneis
414 793 590 878 disciplinis
621 792 774 858 fuerimus
806 791 938 871 imbuti,
973 796 1051 858 tunc
1083 790 1181 856 sacris
1216 793 1248 854 et
1279 789 1417 854 occultis

258 917 387 980 operam
414 897 558 963 dabimus
590 902 622 961 et
662 896 753 983 qnasi
782 894 881 961 solem
911 896 945 960 in
968 917 1052 981 aqua
1082 896 1172 980 prins
1193 895 1301 960 videre
1326 915 1417 958 asue-

258 1000 336 1067 facti
359 1002 399 1067 ad
424 1004 527 1088 ipsam
551 1002 654 1067 lucem
678 1002 856 1088 dirigamus
879 1001 1063 1066 intuitnm¹
1080 1049 1215 1068 ......

348 1104 383 1195 [f.
397 1107 487 1192 263³]
572 1107 749 1172 Permulta
771 1111 882 1192 postea
894 1106 1083 1171 documenta
1097 1105 1253 1170 salutaria
1270 1106 1418 1190 vagando

260 1211 408 1296 suspiriis
430 1213 542 1279 multis
566 1213 689 1277 hortari
714 1211 1007 1297 quamplurimum
1032 1210 1111 1275 milri
1137 1210 1265 1290 videris,
1290 1215 1328 1274 ut
1345 1231 1415 1272 eam

258 1317 342 1382 viam
365 1318 603 1403 amplectemur,
632 1339 696 1402 qua
717 1317 793 1382 deus
817 1338 889 1381 rere
912 1320 1143 1401 cognoscatur,
1178 1315 1320 1398 perfecte
1344 1315 1417 1377 dili·

260 1427 357 1504 gatur
380 1429 439 1490 ete.
466 1424 542 1490 ,Ad
566 1424 648 1509 quod
672 1422 750 1488 facit
774 1423 871 1502 bens,
903 1423 986 1507 quod
1009 1422 1122 1486 scribit
1147 1419 1342 1485 Aristoteles
1367 1442 1415 1482 se-

259 1528 361 1594 cundo
395 1531 433 1594 de
464 1530 586 1608 anima,
619 1529 657 1593 de
680 1528 835 1612 potencijs
869 1529 974 1592 anime
997 1526 1073 1591 dum
1097 1527 1219 1611 inquit,
1257 1529 1418 1610 qnatenus

259 1631 320 1716 ipsi
335 1634 442 1700 divino
458 1638 490 1700 at
506 1631 679 1701 immortali
695 1629 730 1720 [f.
742 1631 820 1718 264]
837 1632 1030 1716 participent
1054 1633 1224 1698 secundum
1242 1631 1329 1716 quod
1343 1649 1416 1714 poe·

259 1743 344 1802 sunt.
400 1737 515 1804 Omnia
548 1739 631 1804 anim
670 1757 764 1802 causa
803 1737 892 1802 illius
924 1742 1043 1822 agunt,
1084 1757 1282 1821 quecumque
1314 1738 1418 1819 agunt

261 1842 432 1908 secundum
456 1850 623 1918 naturam3
648 1841 788 1927 qualiter
811 1843 910 1907 eciam
934 1863 1011 1927 erga
1033 1844 1126 1908 deum
1144 1862 1254 1924 gerere
1278 1861 1337 1904 nos
1362 1839 1414 1902 de-

260 1946 381 2025 bemus,
404 1947 565 2014 Lactancii
590 1948 685 2011 rerba
709 1949 971 2028 commemorabo,
996 1947 1053 2033 qui
1075 1947 1199 2032 inquit:
1226 1945 1317 2010 »Hac
1341 1967 1415 2010 con·

261 2051 384 2117 dicione
406 2053 604 2138 giugnimur,
627 2056 664 2116 ut
687 2053 777 2136 gnati
802 2073 860 2116 uos
882 2053 941 2117 deo
964 2053 1049 2118 iusta
1073 2059 1106 2118 et
1129 2051 1237 2116 debita
1259 2049 1416 2135 obsequia

261 2158 480 2240 prebeamua.‹
533 2158 627 2223 Hunc
655 2156 758 2223 solum
785 2158 984 2236 noverimus,
1008 2158 1094 2224 huuc
1117 2177 1305 2241 sequamur,
1332 2156 1415 2241 quod

261 2266 338 2326 tunc
361 2262 423 2327 rite
447 2263 610 2341 faciemus,
638 2284 710 2328 cum
733 2285 752 2327 a
774 2263 864 2346 viciis
892 2262 1134 2329 abstinebimus.
1182 2260 1293 2326 Nicbil
1319 2261 1413 2336 enirn,

264 2373 299 2431 ut
315 2367 396 2432 idam
409 2367 595 2433 Lectancins
606 2369 722 2452 iuquit,
734 2373 844 2434 sancta
859 2371 892 2432 et
907 2368 964 2433 illa
980 2368 1155 2452 singularis
1169 2367 1317 2432 maiestas
1329 2366 1415 2432 aliud

260 2473 301 2536 ab
325 2473 450 2538 homine
472 2473 644 2546 desiderat,
680 2494 774 2556 quem
797 2471 896 2538 solam
918 2473 1151 2552 innocencium,
1186 2494 1248 2556 que
1271 2472 1413 2536 omnium

261 2582 309 2640 est
332 2577 484 2642 viciorum
515 2577 665 2662 expulsio.
718 2575 883 2643 Viciorum
914 2585 1020 2643 autern
1055 2577 1200 2642 carencia
1224 2598 1287 2641 uon
1311 2577 1414 2642 solnm

261 2682 353 2746 nobis
375 2682 425 2746 dei
448 2683 590 2768 graciam
614 2682 814 2761 reconciliat,
842 2683 1017 2748 sedeciam
1042 2683 1140 2747 vitam
1165 2683 1198 2747 in
1223 2682 1283 2747 hoc
1307 2683 1413 2748 seculo

262 2787 452 2870 quieciorem
468 2793 598 2873 prestet.
646 2789 801 2872 Experior
817 2797 850 2853 et
865 2810 937 2873 ego,
960 2789 1121 2855 carissima
1136 2788 1246 2866 frater,
1263 2788 1411 2854 universa

263 2891 357 2956 huius
381 2895 489 2958 mnndi
522 2894 629 2958 futilia
659 2899 690 2958 et
715 2894 900 2958 transitoria
934 2899 966 2960 et
989 2916 1070 2960 vana
1103 2898 1136 2958 et
1157 2893 1207 2958 nil
1230 2893 1357 2958 dulcius
1381 2915 1414 2958 ac

262 2998 426 3063 iocundius
449 2999 549 3065 solido
573 2999 702 3064 homino
728 2999 899 3084 prospicio,
923 3021 1019 3085 quam
1049 3000 1140 3064 deum
1164 2999 1302 3083 diligere
1320 2999 1351 3066 ².
1366 3050 1373 3064 .
1388 3048 1415 3063 ..

264 3101 454 3168 Habundius
478 3109 509 3168 te
530 3105 610 3170 meis
634 3104 893 3188 persuasionibus
918 3105 957 3170 ad
973 3126 1041 3168 eam
1058 3106 1259 3170 deflecterem
1277 3111 1411 3188 partem,

261 3208 323 3273 nisi
346 3212 379 3272 te
402 3208 435 3273 in
459 3210 560 3292 ipsam
585 3215 641 3274 tua
663 3214 777 3292 sponte
806 3209 952 3292 apprime
975 3208 1165 3274 inclinatum
1190 3211 1414 3294 percepissem.

264 3313 389 3377 Etenim
414 3317 450 3378 ut
472 3317 505 3377 te
529 3312 658 3378 Catonis
682 3314 784 3378 nostri
808 3315 1026 3379 autenticum:
1059 3313 1187 3398 »Turpe
1211 3321 1258 3379 est
1283 3316 1414 3392 doctori,

262 3441 332 3483 oum
357 3417 451 3501 culpa
474 3419 640 3504 redarguit
663 3421 787 3504 ipsnm‹
814 3421 846 3483 in
869 3443 917 3484 me
940 3419 1036 3484 silere
1053 3419 1178 3500 faciam,
1202 3421 1285 3486 scias
1309 3443 1359 3487 me
1384 3423 1413 3486 in

261 3524 326 3588 dies
349 3524 425 3587 totis
448 3545 580 3607 querere
602 3525 733 3604 nisibus,
759 3526 916 3608 quomodo
938 3548 957 3590 a
979 3526 1054 3610 iugo
1077 3525 1240 3590 servitutis
1264 3525 1300 3615 [f.
1326 3529 1413 3615 264Ἲ
1476 3589 1477 3612 ,

263 3632 400 3695 hnmana
423 3627 554 3705 evellar3
580 3632 637 3695 deo
661 3631 795 3696 serviam
819 3637 851 3696 et
876 3631 1078 3696 humillimae
1101 3633 1268 3699 refundam
1293 3637 1413 3720 gracias
1476 3643 1477 3694 i

262 3735 404 3802 omnium
427 3732 594 3819 largitori,
626 3739 708 3823 quod
739 3743 777 3802 nt
800 3761 836 3802 eo
859 3737 1018 3802 salubrius
1040 3738 1213 3823 adimplere
1246 3741 1413 3822 possimus,
1476 3773 1477 3822 p

264 3843 312 3906 lex
336 3841 405 3924 ipsa
427 3842 607 3906 constaneie
642 3847 813 3926 utrumque
838 3863 894 3906 nos
918 3843 1084 3922 admonet,
1117 3849 1153 3908 ut
1186 3865 1243 3909 nec
1265 3845 1299 3908 in
1325 3847 1414 3911 malis
1476 3823 1477 3848 ¹

262 3948 481 4032 persistamus,
505 3969 561 4012 nec
584 3949 616 4012 in
642 3949 731 4012 bonis
764 3948 863 4014 simus
886 3949 977 4033 vagi,
1010 3950 1086 4035 quia
1108 3953 1144 4014 ut
1167 3947 1287 4016 Seneca
1310 3952 1414 4037 inquit

830 4053 845 4088 s

335 4132 346 4184 l
370 4129 424 4184 Das
443 4129 574 4199 folgende
598 4130 668 4202 [bier
694 4131 912 4202 weggelassene]
940 4132 1051 4187 stimmt
1069 4133 1262 4203 grbssteuteils
1284 4136 1410 4189 wbrttich

262 4219 315 4274 mit
333 4219 395 4273 dem
414 4218 680 4288 ermahnuugsbriel
698 4236 735 4274 an
756 4219 1050 4283 HartmannSchcdel‚
1070 4222 1140 4277 oben
1154 4240 1181 4291 p.
1197 4223 1239 4280 98.
1279 4223 1336 4278 Das
1354 4241 1413 4280 eon·

262 4307 326 4375 cept
339 4305 389 4360 hat
400 4305 473 4360 denn
482 4307 552 4360 auch
565 4309 636 4362 nach
648 4307 703 4362 den
714 4310 835 4364 werten:
864 4309 976 4380 »aliqua
985 4309 1023 4364 sit
1036 4326 1181 4366 accessura
1194 4311 1313 4378 utilitas,
1327 4312 1413 4368 veluti

263 4391 319 4462 hij«
340 4391 465 4447 einfaohc
486 4393 612 4464 »reliqua
631 4395 693 4451 ride
711 4397 857 4468 sequencie.
876 4397 1045 4456 inssasilim.
1097 4400 1114 4456 2
1134 4399 1189 4456 Das
1204 4399 1336 4472 folgeude
1356 4401 1413 4456 bier

264 4479 467 4550 weggelassens
486 4481 613 4538 wortlich
632 4504 667 4531 =
685 4483 756 4540 oben
775 4503 795 4544 s,
816 4485 857 4542 74.
