2990 5068
796 359 859 426 110

252 538 279 604 si
304 536 424 623 egregij
450 536 571 622 aliquid
600 559 713 622 prese
748 535 860 612 ferret,
893 537 1023 602 minime
1055 535 1198 600 venalem
1231 531 1419 598 exhiberet.

255 641 370 708 Melius
399 649 504 708 tamen
528 644 632 726 ipsum
664 643 856 726 conspiciam
870 691 877 719 ,
893 663 971 706 'eum
994 639 1250 721 Nurembergam
1282 657 1420 710 venero,

822 750 840 790 ᾑ

255 831 445 888 wattenbach
463 832 481 888 i.
499 833 526 886 d.
547 833 708 888 Zeitschriit
727 833 746 887 i.
767 833 801 888 (l.
820 833 845 887 d.
860 831 1028 887 Oberrheins
1048 829 1134 894 xxii,
1154 831 1197 882 53.
1236 816 1316 882 Uber
1336 826 1417 880 seins

256 919 448 988 beaiehungen
467 939 500 974 au
516 923 659 976 Hermann
674 920 787 976 Schedel
802 921 879 988 giebt
898 907 1053 975 aufscbluss
1072 915 1118 971 die
1132 915 1204 971 auch
1222 917 1305 970 sonst
1325 911 1419 967 inter-

255 1011 365 1064 essente
382 1008 457 1071 Vita,
478 1009 580 1064 welche
599 1008 754 1063 Hartmanu
773 1007 890 1064 schedel
909 1007 1021 1061 Zolners
1041 1003 1225 1073 receptbuclie
1253 1000 1332 1073 [clm.
1351 999 1419 1066 644]

259 1097 419 1167 vorgesetat
431 1096 500 1151 hat:
522 1095 672 1151 »Hernicus
685 1096 792 1158 Zolner.
811 1096 882 1150 alias
895 1094 1017 1155 Gurtler,
1037 1092 1227 1160 Nuremberge
1240 1107 1273 1146 er
1286 1087 1418 1144 honestis

255 1183 419 1256 parentibus
431 1186 517 1248 ortas,
540 1183 569 1237 in
583 1183 724 1254 baptismo
737 1183 873 1238 Heuricus
887 1186 1008 1246 vocatus,
1027 1199 1059 1236 ex
1079 1180 1230 1250 parentela
1242 1178 1347 1234 Zolner
1360 1176 1418 1230 dic·

256 1275 313 1338 tna,
331 1289 364 1328 ex
384 1275 473 1344 patre,
494 1271 670 1341 cingulatore
689 1271 804 1334 artifice,
818 1271 933 1324 Gurtler
950 1267 1120 1339 appellatus.
1159 1267 1184 1320 ls
1198 1268 1351 1337 postquam
1372 1283 1418 1317 ru-

257 1361 385 1416 dimenta
403 1361 589 1429 grammatice
608 1357 727 1430 adeptus
746 1359 808 1420 suit,
829 1356 1008 1429 gymnasium
1033 1354 1180 1426 Liptzense
1200 1355 1280 1418 adiit,
1300 1351 1351 1407 nbi
1370 1351 1417 1406 bo

257 1447 299 1501 nis
318 1445 427 1502 artibus
446 1463 560 1517 operam
580 1446 667 1501 dedit.
703 1444 770 1502 Post
789 1448 964 1516 temptamen
992 1443 1028 1498 ad
1048 1443 1244 1512 magisterium
1265 1441 1416 1497 admissus.

257 1527 478 1604 experimentum
499 1535 675 1604 attemptans
699 1533 730 1587 in
748 1535 847 1590 rubeto
866 1537 949 1590 noctu
967 1531 1003 1587 ad
1035 1531 1194 1602 iugandum
1213 1529 1384 1586 monedulae
1402 1545 1417 1581 e

260 1624 319 1680 loco
338 1622 397 1677 aive
415 1622 452 1676 ad
470 1621 645 1691 captandum
664 1637 788 1676 amorem
805 1619 921 1676 alicuius
934 1637 1050 1691 persone
1061 1635 1079 1674 e
1090 1618 1255 1674 custodibus
1268 1633 1414 1672 murorum

259 1709 447 1781 deprehensus
465 1724 498 1763 ac
515 1708 694 1763 universitati
716 1709 894 1779 presentatus
912 1709 941 1764 et
954 1709 990 1763 ob
1003 1707 1032 1764 id
1045 1725 1062 1761 a
1075 1706 1240 1776 magisterio
1252 1722 1419 1777 suspensus,

258 1796 372 1854 consilio
390 1800 485 1850 tamen
499 1795 643 1858 sociorum,
661 1793 710 1864 qui
728 1812 790 1848 cum
809 1810 840 1850 eo
859 1793 889 1847 in
907 1794 1036 1849 examine
1060 1794 1220 1864 magisterii
1239 1793 1369 1854 fuerunt.
1386 1797 1414 1847 et

260 1883 390 1956 precipue
409 1882 563 1937 Hermanni
583 1880 696 1938 Schedel
718 1879 964 1952 Nurembergensia
984 1880 1244 1936 vicecancellarium
1263 1882 1290 1937 d.
1311 1881 1415 1950 episeo

259 1989 327 2042 pum
338 1970 595 2040 Mersebnrgensem
616 1968 698 2040 adijt‚
718 1987 750 2025 ex
770 1968 923 2026 donacione
942 1970 1000 2024 vini
1020 1969 1126 2040 ltirolij
1146 1969 1345 2026 admissionem
1367 1971 1416 2022 im·

260 2057 394 2128 patravit
432 2056 551 2112 Effectus
578 2055 668 2126 igitur
692 2057 797 2110 artium
821 2055 958 2126 magister
982 2075 1033 2128 pro
1051 2057 1244 2114 consolacione
1262 2061 1414 2128 parentum

260 2145 484 2214 Nurembergam
508 2145 604 2214 petiit,
627 2143 727 2200 deinde
756 2143 919 2201 adiumento
947 2161 1042 2202 eorum
1063 2145 1177 2201 ltaliam
1197 2147 1342 2215 ingressos
1360 2144 1415 2199 arti

262 2233 397 2288 medicine
415 2247 532 2303 operum
550 2231 637 2287 dedit.
686 2233 753 2287 Post
771 2232 888 2300 longum
916 2232 1045 2288 anditum
1064 2233 1208 2290 doctorum
1229 2250 1262 2289 ac
1281 2233 1414 2290 visionem

261 2319 383 2392 practice
401 2319 528 2390 insignia
545 2319 707 2374 doctoratus
726 2319 852 2388 adeptus,
872 2318 975 2375 iterato
1001 2321 1127 2390 patriam
1146 2309 1318 2392 aggrediens
1336 2321 1416 2374 varia

262 2409 454 2479 experimenta
473 2407 664 2476 Nursmberge
682 2411 711 2462 et
727 2406 795 2462 iecit
813 2412 842 2462 et
855 2405 974 2474 audivit,
993 2425 1047 2479 que
1058 2409 1165 2479 parlim
1178 2409 1293 2478 scripsit
1306 2411 1335 2464 et
1347 2423 1415 2463 non·

262 2496 342 2550 nulla
361 2497 392 2550 in
410 2496 465 2551 isto
483 2494 557 2549 libro
577 2493 707 2549 manibus
725 2493 845 2565 proprija
864 2495 1033 2567 perscripsit.
1071 2496 1229 2553 Admodum
1255 2500 1350 2552 autem
1373 2514 1417 2549 re-

264 2600 325 2639 rens
345 2583 538 2654 pestilenciam
557 2582 620 2636 ideo
637 2581 773 2652 pleraque
784 2581 818 2637 de
838 2598 872 2637 ea
890 2583 1005 2654 collegit
1018 2587 1048 2639 ct
1060 2585 1207 2654 pulverem
1219 2583 1413 2639 indubitatum

263 2677 362 2728 contra
379 2671 454 2725 hunc
472 2670 601 2725 morbum
620 2670 804 2740 dispensavit.
843 2670 996 2740 ingruente
1015 2675 1110 2728 autem
1129 2671 1238 2736 morbo,
1257 2675 1290 2726 ut
1307 2672 1415 2727 caucius

263 2761 368 2830 ageret,
386 2756 608 2826 Nurembergam
627 2773 676 2828 per
694 2774 779 2810 unam
792 2760 905 2827 portam
916 2759 1010 2814 exiens
1031 2759 1068 2814 ad
1079 2761 1142 2815 loca
1154 2777 1233 2824 sana..
1253 2779 1310 2817 non
1329 2760 1415 2831 quies-

264 2863 336 2910 eens,
356 2845 442 2902 donec
455 2849 546 2902 totam
560 2842 782 2913 Nurembergam
795 2862 828 2899 ex
847 2847 1058 2916 permutacione
1072 2848 1193 2904 locorum
1207 2849 1346 2912 circuiret,
1364 2866 1416 2918 quo

264 2952 350 3004 nsque
367 2933 455 3005 pestis
481 2931 617 3001 desevijt,
646 2932 765 2988 eandem
782 2935 895 3003 portam
917 2933 1022 2990 iterato
1040 2934 1171 2990 introvit.
1218 2935 1287 2992 Post
1305 2935 1416 3005 longam

264 3021 418 3093 practicam
439 3024 552 3077 vocatus
570 3019 606 3074 ad
620 3020 726 3074 curiam
737 3019 870 3076 laudovici
883 3021 1018 3091 principis
1032 3021 1151 3078 Bavarie
1164 3023 1234 3093 [vgl.
1250 3022 1416 3091 Oberbsyer.

266 3108 367 3163 Archiv
383 3109 429 3170 lx.
443 3111 503 3164 365.
516 3105 589 3178 376].
610 3123 671 3161 cum
689 3110 753 3176 post
773 3108 898 3176 aliquam
917 3124 1025 3164 moram
1043 3109 1193 3165 curialium
1213 3128 1305 3167 mores
1324 3127 1354 3165 ac
1374 3127 1417 3165 ne·

267 3191 355 3252 landa
373 3195 451 3250 dicta
468 3195 521 3249 sibi
540 3194 733 3264 displicerent,
753 3194 789 3248 ad
809 3193 933 3264 patriam
952 3213 1078 3251 reversus
1104 3198 1184 3265 [1460
1203 3216 1230 3253 v.
1250 3199 1267 3253 Ι.
1289 3217 1309 3253 a.
1327 3197 1368 3268 cl.
1388 3201 1417 3250 ut

269 3286 394 3338 animum
414 3283 451 3338 ad
471 3280 644 3351 religionem,
665 3281 699 3335 ad
714 3298 797 3352 quarn
812 3281 860 3336 diu
873 3281 1002 3338 affectum
1017 3284 1126 3350 habuit,
1147 3285 1327 3357 adimpleret.
1355 3284 1417 3339 Fuit

267 3373 361 3426 antem
380 3371 464 3427 homo
476 3386 592 3434 crassus,
613 3369 683 3423 facie
695 3368 807 3432 rubens,
825 3369 962 3427 iucundus
975 3388 1009 3425 ac
1020 3372 1119 3443 plenus
1132 3371 1209 3438 iocis,
1229 3389 1327 3428 omnes
1338 3377 1414 3429 notos

267 3457 409 3514 Swsinllor
427 3457 583 3528 appellans,
602 3457 694 3527 sepius
712 3457 742 3511 in
761 3475 812 3512 usu
836 3458 943 3513 habens
972 3477 1050 3514 esum
1077 3459 1245 3516 reubarbari
1268 3477 1333 3516 cum
1350 3462 1416 3516 mal·

268 3545 354 3608 vasio,
373 3545 446 3615 quod
467 3543 562 3598 vinum
581 3559 644 3612 sepe
662 3543 692 3596 in
712 3561 761 3598 usu
780 3545 887 3600 habuit.
934 3543 1023 3604 Varia
1050 3565 1159 3618 quoqne
1177 3550 1369 3618 experimenta
1386 3567 1415 3604 ex

269 3632 431 3686 mulieribus
455 3647 488 3686 sc
505 3631 804 3700 experimentaloribus
831 3634 1016 3702 perlustravit
1049 3652 1082 3690 ao
1106 3635 1245 3691 nonnulla
1270 3637 1302 3690 in
1320 3636 1415 3708 scripta

270 3719 386 3788 redegit.
424 3719 455 3772 ln
474 3718 590 3788 propria
609 3721 705 3772 eutem
724 3719 806 3774 domo
824 3725 852 3774 in
869 3721 970 3791 platea
990 3723 1317 3794 dictaGromersgesleiu
1335 3723 1364 3796 [ι.
1379 3723 1415 3778 St.

270 3802 333 3859 Chr.
347 3805 393 3868 Xl,
414 3806 464 3860 575
483 3823 505 3859 a.
531 3805 558 3874 9]
579 3823 641 3858 cum
666 3806 809 3876 clavigera
827 3811 942 3879 propria
960 3811 1101 3876 habitans,
1121 3811 1187 3866 licet
1206 3817 1295 3868 antea
1313 3813 1360 3866 sub
1377 3830 1415 3867 ca·

269 3897 326 3948 stro
344 3894 374 3948 in
393 3893 475 3950 domo
494 3893 577 3948 acisli
601 3893 733 3964 [echireus
752 3895 787 3962 (a
808 3895 986 3952 Dieiienbeclr
1006 3917 1027 3952 s.
1046 3916 1071 3954 v.
1091 3896 1209 3968 acialis).
1249 3898 1354 3954 »Unter
1370 3900 1414 3954 der

269 3981 379 4052 Vesta]
400 3996 508 4036 moram
527 3981 624 4034 traxit.
660 3979 794 4046 Tandem.
807 3983 881 4051 quod
894 3985 999 4040 dudum
1019 3986 1114 4041 animo
1132 3989 1310 4056 conceperat,
1329 3989 1415 4042 relicto

269 4069 360 4124 seculo
388 4068 514 4123 ordinem
541 4067 663 4121 fratrum
684 4066 788 4122 ordinis
814 4068 1025 4137 predicatorum
1044 4071 1239 4142 Nuremberga
1264 4073 1303 4128 ad
1324 4075 1414 4130 vicinos

268 4173 331 4212 snos
349 4156 516 4227 ingreditus
554 4153 639 4211 Tedio
658 4159 752 4209 autem
770 4155 801 4209 in
819 4157 1098 4222 consuetudinevite,
1117 4159 1217 4216 relicto
1235 4161 1344 4226 ordine,
1360 4167 1414 4234 post

268 4243 426 4313 pauxillum
447 4244 580 4314 temporis
599 4241 636 4296 ad
655 4241 728 4296 lares
747 4243 873 4312 proprios
887 4243 980 4312 redijt
1007 4244 1202 4303 Premeditato
1214 4247 1412 4306 deindeaniuro

268 4335 371 4385 iterum
390 4330 512 4386 abiciens
532 4329 673 4384 vanitates
691 4328 784 4392 seculi,
802 4327 929 4386 ordinem
952 4332 1045 4386 suncti
1063 4331 1208 4388 Benedicti
1239 4335 1278 4390 ad
1298 4343 1412 4394 sanctum

271 4416 400 4488 ligidium
420 4416 506 4486 elegit
537 4415 615 4482 [isos
633 4413 690 4468 dea
717 4415 741 4476 6,
760 4431 781 4468 s.
807 4413 896 4478 liam.
930 4417 1011 4478 liuor.
1037 4418 1201 4490 Herdegens
1221 4419 1411 4495 Deulrvvdrdig·
