<?xml version="1.0" encoding="UTF-8"?>
<!DOCTYPE html PUBLIC "-//W3C//DTD XHTML 1.0 Transitional//EN"
    "http://www.w3.org/TR/xhtml1/DTD/xhtml1-transitional.dtd">
<html xmlns="http://www.w3.org/1999/xhtml" xml:lang="en" lang="en">
 <head>
  <title>
</title>
<meta http-equiv="Content-Type" content="text/html;charset=utf-8" />
  <meta name='ocr-system' content='tesseract 3.04.00' />
  <meta name='ocr-capabilities' content='ocr_page ocr_carea ocr_par ocr_line ocrx_word'/>
</head>
<body>
  <div class='ocr_page' id='page_1' title='image "./hermannschedels00schegoog_0207.png"; bbox 0 0 3062 5068; ppageno 0'>
   <div class='ocr_carea' id='block_1_1' title="bbox 694 387 754 456">
    <p class='ocr_par' dir='ltr' id='par_1_1' title="bbox 694 387 754 456">
     <span class='ocr_line' id='line_1_1' title="bbox 694 387 754 456; baseline -0.05 0"><span class='ocrx_word' id='word_1_1' title='bbox 694 387 754 456; x_wconf 88' lang='grc'><strong>191</strong></span> 
     </span>
    </p>
   </div>
   <div class='ocr_carea' id='block_1_2' title="bbox 117 561 1299 2013">
    <p class='ocr_par' dir='ltr' id='par_1_2' title="bbox 117 561 1298 1172">
     <span class='ocr_line' id='line_1_2' title="bbox 119 561 1298 648; baseline 0.003 -23"><span class='ocrx_word' id='word_1_2' title='bbox 119 583 242 644; x_wconf 78' lang='lat' dir='ltr'><strong>penso</strong></span> <span class='ocrx_word' id='word_1_3' title='bbox 266 565 373 626; x_wconf 86' lang='lat' dir='ltr'><strong>teutua</strong></span> <span class='ocrx_word' id='word_1_4' title='bbox 396 561 429 627; x_wconf 89' lang='lat' dir='ltr'><strong>in</strong></span> <span class='ocrx_word' id='word_1_5' title='bbox 454 563 591 646; x_wconf 88' lang='lat' dir='ltr'><strong>patriam</strong></span> <span class='ocrx_word' id='word_1_6' title='bbox 616 563 720 645; x_wconf 81' lang='lat' dir='ltr'><strong>redijt.</strong></span> <span class='ocrx_word' id='word_1_7' title='bbox 752 563 910 628; x_wconf 86' lang='lat' dir='ltr'><strong>Hesterno</strong></span> <span class='ocrx_word' id='word_1_8' title='bbox 925 565 1018 630; x_wconf 90' lang='lat' dir='ltr'><strong>modo</strong></span> <span class='ocrx_word' id='word_1_9' title='bbox 1035 565 1157 648; x_wconf 84' lang='lat' dir='ltr'><strong>vesperi</strong></span> <span class='ocrx_word' id='word_1_10' title='bbox 1175 587 1193 630; x_wconf 91' lang='lat' dir='ltr'><strong>a</strong></span> <span class='ocrx_word' id='word_1_11' title='bbox 1210 565 1298 630; x_wconf 77' lang='lat' dir='ltr'><strong>vohis</strong></span> 
     </span>
     <span class='ocr_line' id='line_1_3' title="bbox 117 663 1297 753; baseline 0.005 -25"><span class='ocrx_word' id='word_1_12' title='bbox 117 669 168 728; x_wconf 82' lang='lat' dir='ltr'><strong>et.</strong></span> <span class='ocrx_word' id='word_1_13' title='bbox 194 667 355 749; x_wconf 69' lang='lat' dir='ltr'><strong>magistro</strong></span> <span class='ocrx_word' id='word_1_14' title='bbox 379 663 578 750; x_wconf 68' lang='lat' dir='ltr'><strong>Freaefieoo]</strong></span> <span class='ocrx_word' id='word_1_15' title='bbox 603 672 706 732; x_wconf 84' lang='lat' dir='ltr'><strong>certas</strong></span> <span class='ocrx_word' id='word_1_16' title='bbox 730 668 852 752; x_wconf 83' lang='lat' dir='ltr'><strong>aceepit</strong></span> <span class='ocrx_word' id='word_1_17' title='bbox 875 667 1004 746; x_wconf 81' lang='lat' dir='ltr'><strong>literae,</strong></span> <span class='ocrx_word' id='word_1_18' title='bbox 1028 670 1060 734; x_wconf 88' lang='lat' dir='ltr'><strong>in</strong></span> <span class='ocrx_word' id='word_1_19' title='bbox 1086 670 1201 753; x_wconf 78' lang='lat' dir='ltr'><strong>quibus</strong></span> <span class='ocrx_word' id='word_1_20' title='bbox 1223 691 1297 734; x_wconf 87' lang='lat' dir='ltr'><strong>eou-</strong></span> 
     </span>
     <span class='ocr_line' id='line_1_4' title="bbox 117 769 1297 858; baseline 0.004 -24"><span class='ocrx_word' id='word_1_21' title='bbox 117 770 262 835; x_wconf 77' lang='lat' dir='ltr'><strong>sultum</strong></span> <span class='ocrx_word' id='word_1_22' title='bbox 286 769 377 836; x_wconf 83' lang='lat' dir='ltr'><strong>vobis</strong></span> <span class='ocrx_word' id='word_1_23' title='bbox 398 770 536 848; x_wconf 83' lang='lat' dir='ltr'><strong>videtur,</strong></span> <span class='ocrx_word' id='word_1_24' title='bbox 560 778 597 838; x_wconf 92' lang='lat' dir='ltr'><strong>ut</strong></span> <span class='ocrx_word' id='word_1_25' title='bbox 620 773 676 838; x_wconf 82' lang='lat' dir='ltr'><strong>ebe</strong></span> <span class='ocrx_word' id='word_1_26' title='bbox 698 795 787 837; x_wconf 90' lang='lat' dir='ltr'><strong>mora</strong></span> <span class='ocrx_word' id='word_1_27' title='bbox 811 772 1023 858; x_wconf 78' lang='lat' dir='ltr'><strong>Nordliugaru</strong></span> <span class='ocrx_word' id='word_1_28' title='bbox 1040 779 1128 858; x_wconf 88' lang='lat' dir='ltr'><strong>petat</strong></span> <span class='ocrx_word' id='word_1_29' title='bbox 1152 781 1184 840; x_wconf 91' lang='lat' dir='ltr'><strong>et</strong></span> <span class='ocrx_word' id='word_1_30' title='bbox 1206 797 1297 858; x_wconf 86' lang='lat' dir='ltr'><strong>prae-</strong></span> 
     </span>
     <span class='ocr_line' id='line_1_5' title="bbox 119 875 1295 962; baseline 0.007 -24"><span class='ocrx_word' id='word_1_31' title='bbox 119 875 270 940; x_wconf 77' lang='lat' dir='ltr'><strong>tieando</strong></span> <span class='ocrx_word' id='word_1_32' title='bbox 303 876 421 941; x_wconf 80' lang='lat' dir='ltr'>ibidem</span> <span class='ocrx_word' id='word_1_33' title='bbox 453 897 487 940; x_wconf 82' lang='lat' dir='ltr'><strong>ee</strong></span> <span class='ocrx_word' id='word_1_34' title='bbox 516 882 659 942; x_wconf 81' lang='lat' dir='ltr'><strong>exerceat</strong></span> <span class='ocrx_word' id='word_1_35' title='bbox 688 883 722 942; x_wconf 92' lang='lat' dir='ltr'><strong>et</strong></span> <span class='ocrx_word' id='word_1_36' title='bbox 753 899 874 942; x_wconf 84' lang='lat' dir='ltr'><strong>moram</strong></span> <span class='ocrx_word' id='word_1_37' title='bbox 898 879 1095 962; x_wconf 80' lang='lat' dir='ltr'><strong>aliquamdiu</strong></span> <span class='ocrx_word' id='word_1_38' title='bbox 1123 879 1168 944; x_wconf 91' lang='lat' dir='ltr'><strong>ibi</strong></span> <span class='ocrx_word' id='word_1_39' title='bbox 1191 879 1295 946; x_wconf 84' lang='lat' dir='ltr'><strong>faeiat.</strong></span> 
     </span>
     <span class='ocr_line' id='line_1_6' title="bbox 124 978 1298 1067; baseline 0.004 -24"><span class='ocrx_word' id='word_1_40' title='bbox 124 978 261 1044; x_wconf 81' lang='lat' dir='ltr'><strong>Forsan</strong></span> <span class='ocrx_word' id='word_1_41' title='bbox 286 981 319 1063; x_wconf 83' lang='lat' dir='ltr'><strong>ij.</strong></span> <span class='ocrx_word' id='word_1_42' title='bbox 341 982 397 1065; x_wconf 91' lang='lat' dir='ltr'><strong>qui</strong></span> <span class='ocrx_word' id='word_1_43' title='bbox 420 981 551 1046; x_wconf 88' lang='lat' dir='ltr'><strong>minime</strong></span> <span class='ocrx_word' id='word_1_44' title='bbox 573 986 737 1066; x_wconf 74' lang='lat' dir='ltr'>acceptare</span> <span class='ocrx_word' id='word_1_45' title='bbox 760 983 919 1067; x_wconf 73' lang='lat' dir='ltr'><strong>phisicam</strong></span> <span class='ocrx_word' id='word_1_46' title='bbox 942 984 1146 1066; x_wconf 77' lang='lat' dir='ltr'><strong>pretendunt,</strong></span> <span class='ocrx_word' id='word_1_47' title='bbox 1182 984 1298 1048; x_wconf 92' lang='lat' dir='ltr'><strong>immu-</strong></span> 
     </span>
     <span class='ocr_line' id='line_1_7' title="bbox 124 1084 1296 1172; baseline 0.003 -22"><span class='ocrx_word' id='word_1_48' title='bbox 124 1085 199 1150; x_wconf 75' lang='lat' dir='ltr'><strong>tati</strong></span> <span class='ocrx_word' id='word_1_49' title='bbox 223 1084 419 1170; x_wconf 74' lang='lat' dir='ltr'><strong>resipiscunt</strong></span> <span class='ocrx_word' id='word_1_50' title='bbox 440 1088 629 1172; x_wconf 78' lang='lat' dir='ltr'><strong>quantocius</strong></span> <span class='ocrx_word' id='word_1_51' title='bbox 651 1093 684 1152; x_wconf 87' lang='lat' dir='ltr'><strong>et</strong></span> <span class='ocrx_word' id='word_1_52' title='bbox 707 1088 905 1172; x_wconf 78' lang='lat' dir='ltr'><strong>propositum</strong></span> <span class='ocrx_word' id='word_1_53' title='bbox 928 1088 961 1151; x_wconf 89' lang='lat' dir='ltr'><strong>in</strong></span> <span class='ocrx_word' id='word_1_54' title='bbox 984 1088 1096 1152; x_wconf 79' lang='lat' dir='ltr'><strong>melius</strong></span> <span class='ocrx_word' id='word_1_55' title='bbox 1119 1089 1296 1154; x_wconf 89' lang='lat' dir='ltr'><strong>mutabunt.</strong></span> 
     </span>
    </p>

    <p class='ocr_par' dir='ltr' id='par_1_3' title="bbox 129 1189 1299 2013">
     <span class='ocr_line' id='line_1_8' title="bbox 228 1189 1299 1276; baseline 0 -22"><span class='ocrx_word' id='word_1_56' title='bbox 228 1189 315 1255; x_wconf 90' lang='lat' dir='ltr'><strong>Dum</strong></span> <span class='ocrx_word' id='word_1_57' title='bbox 347 1191 509 1257; x_wconf 83' lang='lat' dir='ltr'><strong>fautorum</strong></span> <span class='ocrx_word' id='word_1_58' title='bbox 543 1196 575 1258; x_wconf 92' lang='lat' dir='ltr'><strong>et</strong></span> <span class='ocrx_word' id='word_1_59' title='bbox 607 1193 783 1257; x_wconf 77' lang='lat' dir='ltr'><strong>amicorum</strong></span> <span class='ocrx_word' id='word_1_60' title='bbox 807 1213 948 1258; x_wconf 89' lang='lat' dir='ltr'><strong>meorum</strong></span> <span class='ocrx_word' id='word_1_61' title='bbox 976 1192 1180 1276; x_wconf 83' lang='lat' dir='ltr'><strong>eoueulti(u)e</strong></span> <span class='ocrx_word' id='word_1_62' title='bbox 1203 1213 1299 1275; x_wconf 82' lang='lat' dir='ltr'><strong>egere</strong></span> 
     </span>
     <span class='ocr_line' id='line_1_9' title="bbox 129 1295 1298 1377; baseline 0 -17"><span class='ocrx_word' id='word_1_63' title='bbox 129 1295 223 1361; x_wconf 80' lang='lat' dir='ltr'><strong>haue</strong></span> <span class='ocrx_word' id='word_1_64' title='bbox 247 1297 471 1375; x_wconf 71' lang='lat' dir='ltr'><strong>mavellem,</strong></span> <span class='ocrx_word' id='word_1_65' title='bbox 506 1296 575 1361; x_wconf 89' lang='lat' dir='ltr'><strong>fieri</strong></span> <span class='ocrx_word' id='word_1_66' title='bbox 600 1317 663 1361; x_wconf 88' lang='lat' dir='ltr'><strong>uon</strong></span> <span class='ocrx_word' id='word_1_67' title='bbox 687 1297 831 1374; x_wconf 83' lang='lat' dir='ltr'><strong>videtur,</strong></span> <span class='ocrx_word' id='word_1_68' title='bbox 862 1301 899 1361; x_wconf 90' lang='lat' dir='ltr'><strong>ut</strong></span> <span class='ocrx_word' id='word_1_69' title='bbox 920 1297 959 1362; x_wconf 90' lang='lat' dir='ltr'><strong>ad</strong></span> <span class='ocrx_word' id='word_1_70' title='bbox 982 1297 1087 1362; x_wconf 80' lang='lat' dir='ltr'><strong>lorum</strong></span> <span class='ocrx_word' id='word_1_71' title='bbox 1110 1297 1218 1377; x_wconf 84' lang='lat' dir='ltr'><strong>istum,</strong></span> <span class='ocrx_word' id='word_1_72' title='bbox 1243 1298 1298 1362; x_wconf 90' lang='lat' dir='ltr'><strong>ubi</strong></span> 
     </span>
     <span class='ocr_line' id='line_1_10' title="bbox 130 1402 1295 1486; baseline 0.004 -22"><span class='ocrx_word' id='word_1_73' title='bbox 130 1423 244 1484; x_wconf 82' lang='lat' dir='ltr'><strong>panea</strong></span> <span class='ocrx_word' id='word_1_74' title='bbox 266 1403 407 1485; x_wconf 76' lang='lat' dir='ltr'><strong>practica</strong></span> <span class='ocrx_word' id='word_1_75' title='bbox 431 1407 499 1482; x_wconf 80' lang='lat' dir='ltr'><strong>eet,</strong></span> <span class='ocrx_word' id='word_1_76' title='bbox 530 1402 604 1485; x_wconf 85' lang='lat' dir='ltr'><strong>alije</strong></span> <span class='ocrx_word' id='word_1_77' title='bbox 626 1403 725 1468; x_wconf 86' lang='lat' dir='ltr'><strong>eeiam</strong></span> <span class='ocrx_word' id='word_1_78' title='bbox 748 1403 964 1486; x_wconf 74' lang='lat' dir='ltr'><strong>respectibus,</strong></span> <span class='ocrx_word' id='word_1_79' title='bbox 999 1404 1059 1468; x_wconf 82' lang='lat' dir='ltr'><strong>uisi</strong></span> <span class='ocrx_word' id='word_1_80' title='bbox 1082 1402 1198 1468; x_wconf 83' lang='lat' dir='ltr'><strong>salario</strong></span> <span class='ocrx_word' id='word_1_81' title='bbox 1221 1424 1295 1469; x_wconf 86' lang='lat' dir='ltr'><strong>eou-</strong></span> 
     </span>
     <span class='ocr_line' id='line_1_11' title="bbox 133 1506 1296 1592; baseline 0.003 -22"><span class='ocrx_word' id='word_1_82' title='bbox 133 1506 242 1592; x_wconf 80' lang='lat' dir='ltr'><strong>diguo</strong></span> <span class='ocrx_word' id='word_1_83' title='bbox 266 1507 386 1586; x_wconf 85' lang='lat' dir='ltr'><strong>habito,</strong></span> <span class='ocrx_word' id='word_1_84' title='bbox 409 1529 443 1572; x_wconf 86' lang='lat' dir='ltr'><strong>ee</strong></span> <span class='ocrx_word' id='word_1_85' title='bbox 467 1507 546 1572; x_wconf 84' lang='lat' dir='ltr'><strong>inibi</strong></span> <span class='ocrx_word' id='word_1_86' title='bbox 563 1508 639 1573; x_wconf 90' lang='lat' dir='ltr'><strong>dare</strong></span> <span class='ocrx_word' id='word_1_87' title='bbox 658 1508 829 1574; x_wconf 79' lang='lat' dir='ltr'><strong>voluerunt</strong></span> <span class='ocrx_word' id='word_1_88' title='bbox 842 1508 863 1574; x_wconf 84' lang='lat'><strong>¹.</strong></span> <span class='ocrx_word' id='word_1_89' title='bbox 912 1506 998 1572; x_wconf 89' lang='lat' dir='ltr'><strong>Nam</strong></span> <span class='ocrx_word' id='word_1_90' title='bbox 1013 1507 1089 1574; x_wconf 89' lang='lat' dir='ltr'><strong>lioet</strong></span> <span class='ocrx_word' id='word_1_91' title='bbox 1112 1514 1191 1592; x_wconf 89' lang='lat' dir='ltr'><strong>aput</strong></span> <span class='ocrx_word' id='word_1_92' title='bbox 1213 1509 1296 1574; x_wconf 86' lang='lat' dir='ltr'><strong>uivee</strong></span> 
     </span>
     <span class='ocr_line' id='line_1_12' title="bbox 136 1610 1296 1697; baseline 0 -19"><span class='ocrx_word' id='word_1_93' title='bbox 136 1610 326 1696; x_wconf 81' lang='lat' dir='ltr'><strong>Nordlinge</strong></span> <span class='ocrx_word' id='word_1_94' title='bbox 347 1633 462 1696; x_wconf 88' lang='lat' dir='ltr'><strong>parum</strong></span> <span class='ocrx_word' id='word_1_95' title='bbox 485 1613 664 1679; x_wconf 76' lang='lat' dir='ltr'><strong>innoteseat</strong></span> <span class='ocrx_word' id='word_1_96' title='bbox 686 1614 723 1678; x_wconf 92' lang='lat' dir='ltr'><strong>de</strong></span> <span class='ocrx_word' id='word_1_97' title='bbox 739 1614 833 1697; x_wconf 73' lang='lat' dir='ltr'><strong>ouili)</strong></span> <span class='ocrx_word' id='word_1_98' title='bbox 856 1612 951 1692; x_wconf 82' lang='lat' dir='ltr'><strong>fama,</strong></span> <span class='ocrx_word' id='word_1_99' title='bbox 975 1614 1122 1694; x_wconf 82' lang='lat' dir='ltr'><strong>seientia,</strong></span> <span class='ocrx_word' id='word_1_100' title='bbox 1145 1615 1296 1694; x_wconf 83' lang='lat' dir='ltr'><strong>moribus,</strong></span> 
     </span>
     <span class='ocr_line' id='line_1_13' title="bbox 138 1717 1296 1804; baseline 0.002 -22"><span class='ocrx_word' id='word_1_101' title='bbox 138 1717 301 1800; x_wconf 71' lang='lat' dir='ltr'><strong>praelim,</strong></span> <span class='ocrx_word' id='word_1_102' title='bbox 324 1718 461 1804; x_wconf 85' lang='lat' dir='ltr'><strong>denique</strong></span> <span class='ocrx_word' id='word_1_103' title='bbox 483 1723 563 1803; x_wconf 88' lang='lat' dir='ltr'><strong>aput</strong></span> <span class='ocrx_word' id='word_1_104' title='bbox 585 1719 693 1802; x_wconf 80' lang='lat' dir='ltr'><strong>plures</strong></span> <span class='ocrx_word' id='word_1_105' title='bbox 716 1718 853 1784; x_wconf 83' lang='lat' dir='ltr'><strong>famatus</strong></span> <span class='ocrx_word' id='word_1_106' title='bbox 875 1740 940 1784; x_wconf 91' lang='lat' dir='ltr'><strong>nou</strong></span> <span class='ocrx_word' id='word_1_107' title='bbox 968 1740 1092 1802; x_wconf 89' lang='lat' dir='ltr'><strong>parum.</strong></span> <span class='ocrx_word' id='word_1_108' title='bbox 1133 1717 1167 1783; x_wconf 86' lang='lat' dir='ltr'><strong>Si</strong></span> <span class='ocrx_word' id='word_1_109' title='bbox 1191 1721 1296 1785; x_wconf 89' lang='lat' dir='ltr'><strong>inten-</strong></span> 
     </span>
     <span class='ocr_line' id='line_1_14' title="bbox 137 1821 1296 1909; baseline 0.002 -23"><span class='ocrx_word' id='word_1_110' title='bbox 137 1821 243 1888; x_wconf 83' lang='lat' dir='ltr'><strong>oionis</strong></span> <span class='ocrx_word' id='word_1_111' title='bbox 271 1823 377 1889; x_wconf 84' lang='lat' dir='ltr'><strong>forent</strong></span> <span class='ocrx_word' id='word_1_112' title='bbox 408 1847 568 1890; x_wconf 78' lang='lat' dir='ltr'>assumere</span> <span class='ocrx_word' id='word_1_113' title='bbox 590 1825 767 1909; x_wconf 76' lang='lat' dir='ltr'><strong>phisicam,</strong></span> <span class='ocrx_word' id='word_1_114' title='bbox 801 1825 879 1889; x_wconf 87' lang='lat' dir='ltr'><strong>haut</strong></span> <span class='ocrx_word' id='word_1_115' title='bbox 901 1825 995 1888; x_wconf 89' lang='lat' dir='ltr'><strong>eredo</strong></span> <span class='ocrx_word' id='word_1_116' title='bbox 1018 1824 1122 1907; x_wconf 83' lang='lat' dir='ltr'><strong>ipsum</strong></span> <span class='ocrx_word' id='word_1_117' title='bbox 1147 1845 1296 1906; x_wconf 82' lang='lat' dir='ltr'><strong>responso</strong></span> 
     </span>
     <span class='ocr_line' id='line_1_15' title="bbox 137 1928 752 2013; baseline 0.007 -21"><span class='ocrx_word' id='word_1_118' title='bbox 137 1932 205 1992; x_wconf 86' lang='lat' dir='ltr'><strong>tam</strong></span> <span class='ocrx_word' id='word_1_119' title='bbox 230 1928 306 1993; x_wconf 83' lang='lat' dir='ltr'><strong>exili</strong></span> <span class='ocrx_word' id='word_1_120' title='bbox 330 1929 363 1993; x_wconf 91' lang='lat' dir='ltr'><strong>iu</strong></span> <span class='ocrx_word' id='word_1_121' title='bbox 386 1931 524 2013; x_wconf 88' lang='lat' dir='ltr'><strong>patriam</strong></span> <span class='ocrx_word' id='word_1_122' title='bbox 547 1929 752 1996; x_wconf 75' lang='lat' dir='ltr'><strong>remisissent.</strong></span> 
     </span>
    </p>
   </div>
   <div class='ocr_carea' id='block_1_3' title="bbox 616 2145 824 2153">
    <p class='ocr_par' dir='ltr' id='par_1_4' title="bbox 616 2145 824 2153">
     <span class='ocr_line' id='line_1_16' title="bbox 616 2145 824 2153; baseline -0.014 0"><span class='ocrx_word' id='word_1_123' title='bbox 616 2145 824 2153; x_wconf 48' lang='grc' dir='ltr'><em>Ἡ-..-</em></span> 
     </span>
    </p>
   </div>
   <div class='ocr_carea' id='block_1_4' title="bbox 138 2309 1296 2526">
    <p class='ocr_par' dir='ltr' id='par_1_5' title="bbox 138 2309 1296 2526">
     <span class='ocr_line' id='line_1_17' title="bbox 688 2309 750 2382; baseline -0.016 0"><span class='ocrx_word' id='word_1_124' title='bbox 688 2309 750 2382; x_wconf 86' lang='grc'><strong>89.</strong></span> 
     </span>
     <span class='ocr_line' id='line_1_18' title="bbox 138 2427 1296 2526; baseline 0.004 -28"><span class='ocrx_word' id='word_1_125' title='bbox 138 2427 336 2504; x_wconf 79' lang='lat' dir='ltr'><strong>Hermann</strong></span> <span class='ocrx_word' id='word_1_126' title='bbox 366 2431 522 2506; x_wconf 87' lang='lat' dir='ltr'><strong>Schedel</strong></span> <span class='ocrx_word' id='word_1_127' title='bbox 550 2456 598 2506; x_wconf 88' lang='lat' dir='ltr'><strong>an</strong></span> <span class='ocrx_word' id='word_1_128' title='bbox 625 2433 733 2506; x_wconf 88' lang='lat' dir='ltr'><strong>einen</strong></span> <span class='ocrx_word' id='word_1_129' title='bbox 760 2431 1038 2505; x_wconf 85' lang='lat' dir='ltr'><strong>unbekanuteu.</strong></span> <span class='ocrx_word' id='word_1_130' title='bbox 1094 2431 1296 2526; x_wconf 82' lang='lat' dir='ltr'><strong>Nurnberg</strong></span> 
     </span>
    </p>
   </div>
   <div class='ocr_carea' id='block_1_5' title="bbox 426 2549 954 2779">
    <p class='ocr_par' dir='ltr' id='par_1_6' title="bbox 426 2549 954 2779">
     <span class='ocr_line' id='line_1_19' title="bbox 582 2549 858 2652; baseline -0.011 -24"><span class='ocrx_word' id='word_1_131' title='bbox 582 2557 676 2629; x_wconf 78' lang='lat'>1471</span> <span class='ocrx_word' id='word_1_132' title='bbox 709 2549 858 2652; x_wconf 83' lang='lat' dir='ltr'><strong>apri1]¹.</strong></span> 
     </span>
     <span class='ocr_line' id='line_1_20' title="bbox 426 2708 954 2779; baseline 0 -13"><span class='ocrx_word' id='word_1_133' title='bbox 426 2711 491 2766; x_wconf 88' lang='lat' dir='ltr'><strong>alm.</strong></span> <span class='ocrx_word' id='word_1_134' title='bbox 508 2709 560 2764; x_wconf 75' lang='lat'><strong>224</strong></span> <span class='ocrx_word' id='word_1_135' title='bbox 578 2709 598 2767; x_wconf 81' lang='lat' dir='ltr'><strong>f.</strong></span> <span class='ocrx_word' id='word_1_136' title='bbox 616 2710 668 2764; x_wconf 81' lang='lat'><strong>228</strong></span> <span class='ocrx_word' id='word_1_137' title='bbox 687 2709 799 2779; x_wconf 79' lang='lat' dir='ltr'><strong>eiulege</strong></span> <span class='ocrx_word' id='word_1_138' title='bbox 817 2708 847 2763; x_wconf 88' lang='lat' dir='ltr'><strong>in</strong></span> <span class='ocrx_word' id='word_1_139' title='bbox 868 2725 954 2766; x_wconf 78' lang='lat' dir='ltr'><strong>verro.</strong></span> 
     </span>
    </p>
   </div>
   <div class='ocr_carea' id='block_1_6' title="bbox 426 2833 1017 2902">
    <p class='ocr_par' dir='ltr' id='par_1_7' title="bbox 426 2833 1017 2902">
     <span class='ocr_line' id='line_1_21' title="bbox 426 2833 1017 2902; baseline 0.005 -4"><span class='ocrx_word' id='word_1_140' title='bbox 426 2833 678 2900; x_wconf 85' lang='lat' dir='ltr'><strong>Politieehe</strong></span> <span class='ocrx_word' id='word_1_141' title='bbox 701 2833 1017 2902; x_wconf 86' lang='lat' dir='ltr'><strong>naehriehteu.</strong></span> 
     </span>
    </p>
   </div>
   <div class='ocr_carea' id='block_1_7' title="bbox 137 2974 1294 3905">
    <p class='ocr_par' dir='ltr' id='par_1_8' title="bbox 137 2974 1294 3273">
     <span class='ocr_line' id='line_1_22' title="bbox 228 2974 1294 3060; baseline -0.006 -15"><span class='ocrx_word' id='word_1_142' title='bbox 228 2979 373 3045; x_wconf 86' lang='lat' dir='ltr'><strong>Salutem</strong></span> <span class='ocrx_word' id='word_1_143' title='bbox 389 2976 641 3060; x_wconf 73' lang='lat' dir='ltr'><strong>felicitatemque</strong></span> <span class='ocrx_word' id='word_1_144' title='bbox 656 2975 823 3059; x_wconf 79' lang='lat' dir='ltr'><strong>utriusque</strong></span> <span class='ocrx_word' id='word_1_145' title='bbox 839 2974 976 3039; x_wconf 84' lang='lat' dir='ltr'><strong>hominis</strong></span> <span class='ocrx_word' id='word_1_146' title='bbox 991 2981 1092 3058; x_wconf 88' lang='lat' dir='ltr'><strong>optat.</strong></span> <span class='ocrx_word' id='word_1_147' title='bbox 1137 2975 1294 3040; x_wconf 82' lang='lat' dir='ltr'><strong>Hesterno</strong></span> 
     </span>
     <span class='ocr_line' id='line_1_23' title="bbox 138 3081 1294 3171; baseline -0.007 -18"><span class='ocrx_word' id='word_1_148' title='bbox 138 3086 275 3171; x_wconf 72' lang='lat' dir='ltr'><strong>nepem,</strong></span> <span class='ocrx_word' id='word_1_149' title='bbox 300 3088 520 3168; x_wconf 84' lang='lat' dir='ltr'><strong>preceptorum</strong></span> <span class='ocrx_word' id='word_1_150' title='bbox 546 3087 577 3145; x_wconf 87' lang='lat' dir='ltr'><strong>et</strong></span> <span class='ocrx_word' id='word_1_151' title='bbox 599 3081 774 3146; x_wconf 85' lang='lat' dir='ltr'><strong>amicorum</strong></span> <span class='ocrx_word' id='word_1_152' title='bbox 797 3081 1036 3158; x_wconf 81' lang='lat' dir='ltr'><strong>colendissime‚</strong></span> <span class='ocrx_word' id='word_1_153' title='bbox 1068 3081 1218 3145; x_wconf 80' lang='lat' dir='ltr'><strong>ineundas</strong></span> <span class='ocrx_word' id='word_1_154' title='bbox 1240 3103 1294 3146; x_wconf 81' lang='lat' dir='ltr'><strong>re·</strong></span> 
     </span>
     <span class='ocr_line' id='line_1_24' title="bbox 137 3187 759 3273; baseline -0.011 -17"><span class='ocrx_word' id='word_1_155' title='bbox 137 3200 224 3258; x_wconf 84' lang='lat' dir='ltr'><strong>strae</strong></span> <span class='ocrx_word' id='word_1_156' title='bbox 247 3187 372 3273; x_wconf 84' lang='lat' dir='ltr'><strong>aueoepi</strong></span> <span class='ocrx_word' id='word_1_157' title='bbox 396 3187 505 3251; x_wconf 84' lang='lat' dir='ltr'><strong>literae</strong></span> <span class='ocrx_word' id='word_1_158' title='bbox 522 3234 759 3252; x_wconf 92' lang='grc'><strong>..........</strong></span> 
     </span>
    </p>

    <p class='ocr_par' dir='ltr' id='par_1_9' title="bbox 137 3285 1294 3905">
     <span class='ocr_line' id='line_1_25' title="bbox 231 3285 1292 3376; baseline -0.006 -16"><span class='ocrx_word' id='word_1_159' title='bbox 231 3296 279 3360; x_wconf 89' lang='lat' dir='ltr'><strong>De</strong></span> <span class='ocrx_word' id='word_1_160' title='bbox 300 3285 438 3360; x_wconf 84' lang='lat' dir='ltr'><strong>adventu</strong></span> <span class='ocrx_word' id='word_1_161' title='bbox 471 3292 672 3376; x_wconf 85' lang='lat' dir='ltr'><strong>imperatorie</strong></span> <span class='ocrx_word' id='word_1_162' title='bbox 694 3291 796 3356; x_wconf 84' lang='lat' dir='ltr'><strong>nostri</strong></span> <span class='ocrx_word' id='word_1_163' title='bbox 817 3291 856 3354; x_wconf 89' lang='lat' dir='ltr'><strong>ad</strong></span> <span class='ocrx_word' id='word_1_164' title='bbox 888 3291 1006 3355; x_wconf 89' lang='lat' dir='ltr'><strong>dietam</strong></span> <span class='ocrx_word' id='word_1_165' title='bbox 1029 3289 1292 3374; x_wconf 81' lang='lat' dir='ltr'><strong>Ratiepoueueem</strong></span> 
     </span>
     <span class='ocr_line' id='line_1_26' title="bbox 137 3395 1293 3475; baseline -0.007 -7"><span class='ocrx_word' id='word_1_166' title='bbox 137 3409 176 3468; x_wconf 88' lang='lat' dir='ltr'><strong>ut</strong></span> <span class='ocrx_word' id='word_1_167' title='bbox 198 3408 323 3467; x_wconf 84' lang='lat' dir='ltr'><strong>eertum</strong></span> <span class='ocrx_word' id='word_1_168' title='bbox 346 3399 379 3462; x_wconf 90' lang='lat' dir='ltr'><strong>in</strong></span> <span class='ocrx_word' id='word_1_169' title='bbox 402 3419 438 3463; x_wconf 88' lang='lat' dir='ltr'><strong>ea</strong></span> <span class='ocrx_word' id='word_1_170' title='bbox 461 3419 494 3462; x_wconf 92' lang='lat' dir='ltr'><strong>re</strong></span> <span class='ocrx_word' id='word_1_171' title='bbox 509 3396 705 3475; x_wconf 72' lang='lat' dir='ltr'><strong>rosteriam,</strong></span> <span class='ocrx_word' id='word_1_172' title='bbox 728 3395 890 3474; x_wconf 76' lang='lat' dir='ltr'><strong>noveritis,</strong></span> <span class='ocrx_word' id='word_1_173' title='bbox 907 3396 1050 3460; x_wconf 86' lang='lat' dir='ltr'><strong>dominos</strong></span> <span class='ocrx_word' id='word_1_174' title='bbox 1068 3418 1153 3461; x_wconf 80' lang='lat' dir='ltr'><strong>meos</strong></span> <span class='ocrx_word' id='word_1_175' title='bbox 1175 3419 1193 3460; x_wconf 89' lang='lat' dir='ltr'><strong>a</strong></span> <span class='ocrx_word' id='word_1_176' title='bbox 1217 3397 1293 3460; x_wconf 88' lang='lat' dir='ltr'><strong>fide-</strong></span> 
     </span>
     <span class='ocr_line' id='line_1_27' title="bbox 139 3501 1293 3593; baseline -0.004 -22"><span class='ocrx_word' id='word_1_177' title='bbox 139 3508 248 3593; x_wconf 77' lang='lat' dir='ltr'><strong>diguie</strong></span> <span class='ocrx_word' id='word_1_178' title='bbox 271 3504 392 3588; x_wconf 84' lang='lat' dir='ltr'><strong>aoripta</strong></span> <span class='ocrx_word' id='word_1_179' title='bbox 414 3502 573 3581; x_wconf 81' lang='lat' dir='ltr'><strong>habuisse,</strong></span> <span class='ocrx_word' id='word_1_180' title='bbox 597 3502 627 3567; x_wconf 90' lang='lat' dir='ltr'><strong>d.</strong></span> <span class='ocrx_word' id='word_1_181' title='bbox 645 3525 676 3566; x_wconf 85' lang='lat' dir='ltr'><strong>n.</strong></span> <span class='ocrx_word' id='word_1_182' title='bbox 693 3502 916 3586; x_wconf 87' lang='lat' dir='ltr'><strong>imperatorem</strong></span> <span class='ocrx_word' id='word_1_183' title='bbox 929 3501 1030 3565; x_wconf 84' lang='lat' dir='ltr'><strong>altere</strong></span> <span class='ocrx_word' id='word_1_184' title='bbox 1053 3502 1103 3565; x_wconf 89' lang='lat' dir='ltr'><strong>die</strong></span> <span class='ocrx_word' id='word_1_185' title='bbox 1118 3523 1211 3586; x_wconf 84' lang='lat' dir='ltr'><strong>pasce</strong></span> <span class='ocrx_word' id='word_1_186' title='bbox 1233 3504 1293 3567; x_wconf 83' lang='lat' dir='ltr'><strong>eei-</strong></span> 
     </span>
     <span class='ocr_line' id='line_1_28' title="bbox 139 3603 1293 3695; baseline -0.004 -18"><span class='ocrx_word' id='word_1_187' title='bbox 139 3613 216 3678; x_wconf 86' lang='lat' dir='ltr'><strong>lieet</strong></span> <span class='ocrx_word' id='word_1_188' title='bbox 238 3611 289 3675; x_wconf 89' lang='lat' dir='ltr'><strong>die</strong></span> <span class='ocrx_word' id='word_1_189' title='bbox 313 3609 386 3674; x_wconf 88' lang='lat' dir='ltr'><strong>lune</strong></span> <span class='ocrx_word' id='word_1_190' title='bbox 412 3608 508 3695; x_wconf 91' lang='lat' dir='ltr'><strong>[april</strong></span> <span class='ocrx_word' id='word_1_191' title='bbox 535 3605 588 3694; x_wconf 74' lang='lat'><strong>15]</strong></span> <span class='ocrx_word' id='word_1_192' title='bbox 612 3606 694 3672; x_wconf 87' lang='lat' dir='ltr'><strong>velle</strong></span> <span class='ocrx_word' id='word_1_193' title='bbox 717 3607 858 3690; x_wconf 88' lang='lat' dir='ltr'><strong>arripere</strong></span> <span class='ocrx_word' id='word_1_194' title='bbox 882 3607 944 3671; x_wconf 88' lang='lat' dir='ltr'><strong>iter</strong></span> <span class='ocrx_word' id='word_1_195' title='bbox 966 3603 1102 3672; x_wconf 76' lang='lat' dir='ltr'><strong>aGraiea</strong></span> <span class='ocrx_word' id='word_1_196' title='bbox 1126 3609 1158 3672; x_wconf 89' lang='lat' dir='ltr'><strong>in</strong></span> <span class='ocrx_word' id='word_1_197' title='bbox 1178 3606 1293 3672; x_wconf 89' lang='lat' dir='ltr'><strong>Newe·</strong></span> 
     </span>
     <span class='ocr_line' id='line_1_29' title="bbox 143 3713 1294 3798; baseline -0.003 -16"><span class='ocrx_word' id='word_1_198' title='bbox 143 3723 210 3782; x_wconf 81' lang='lat' dir='ltr'><strong>atat</strong></span> <span class='ocrx_word' id='word_1_199' title='bbox 234 3720 268 3780; x_wconf 88' lang='lat' dir='ltr'><strong>et</strong></span> <span class='ocrx_word' id='word_1_200' title='bbox 290 3714 405 3780; x_wconf 89' lang='lat' dir='ltr'><strong>ibidem</strong></span> <span class='ocrx_word' id='word_1_201' title='bbox 429 3735 492 3778; x_wconf 87' lang='lat' dir='ltr'><strong>uon</strong></span> <span class='ocrx_word' id='word_1_202' title='bbox 517 3713 654 3798; x_wconf 82' lang='lat' dir='ltr'><strong>amplius</strong></span> <span class='ocrx_word' id='word_1_203' title='bbox 678 3735 773 3798; x_wconf 87' lang='lat' dir='ltr'><strong>quam</strong></span> <span class='ocrx_word' id='word_1_204' title='bbox 796 3734 915 3777; x_wconf 90' lang='lat' dir='ltr'><strong>moram</strong></span> <span class='ocrx_word' id='word_1_205' title='bbox 940 3714 1034 3778; x_wconf 84' lang='lat' dir='ltr'><strong>unius</strong></span> <span class='ocrx_word' id='word_1_206' title='bbox 1056 3715 1117 3778; x_wconf 88' lang='lat' dir='ltr'><strong>diei</strong></span> <span class='ocrx_word' id='word_1_207' title='bbox 1142 3736 1294 3798; x_wconf 80' lang='lat' dir='ltr'><strong>peragere</strong></span> 
     </span>
     <span class='ocr_line' id='line_1_30' title="bbox 137 3817 1294 3905; baseline -0.004 -17"><span class='ocrx_word' id='word_1_208' title='bbox 137 3829 171 3888; x_wconf 89' lang='lat' dir='ltr'><strong>et</strong></span> <span class='ocrx_word' id='word_1_209' title='bbox 185 3823 243 3888; x_wconf 80' lang='lat' dir='ltr'><strong>aba</strong></span> <span class='ocrx_word' id='word_1_210' title='bbox 260 3841 349 3886; x_wconf 83' lang='lat' dir='ltr'><strong>mora</strong></span> <span class='ocrx_word' id='word_1_211' title='bbox 364 3819 525 3884; x_wconf 83' lang='lat' dir='ltr'><strong>Patavium</strong></span> <span class='ocrx_word' id='word_1_212' title='bbox 543 3841 661 3899; x_wconf 84' lang='lat' dir='ltr'><strong>versus,</strong></span> <span class='ocrx_word' id='word_1_213' title='bbox 678 3819 805 3898; x_wconf 83' lang='lat' dir='ltr'><strong>ibidem,</strong></span> <span class='ocrx_word' id='word_1_214' title='bbox 825 3821 862 3883; x_wconf 90' lang='lat' dir='ltr'><strong>ut</strong></span> <span class='ocrx_word' id='word_1_215' title='bbox 877 3817 966 3883; x_wconf 80' lang='lat' dir='ltr'><strong>lama</strong></span> <span class='ocrx_word' id='word_1_216' title='bbox 977 3818 1074 3896; x_wconf 83' lang='lat' dir='ltr'><strong>volat,</strong></span> <span class='ocrx_word' id='word_1_217' title='bbox 1091 3841 1147 3904; x_wconf 93' lang='lat' dir='ltr'><strong>per</strong></span> <span class='ocrx_word' id='word_1_218' title='bbox 1170 3819 1294 3905; x_wconf 81' lang='lat' dir='ltr'><strong>aliquot</strong></span> 
     </span>
    </p>
   </div>
   <div class='ocr_carea' id='block_1_8' title="bbox 139 3923 1293 4008">
    <p class='ocr_par' dir='ltr' id='par_1_10' title="bbox 139 3923 1293 4008">
     <span class='ocr_line' id='line_1_31' title="bbox 139 3923 1293 4008; baseline -0.007 -14"><span class='ocrx_word' id='word_1_219' title='bbox 139 3929 205 3994; x_wconf 84' lang='lat' dir='ltr'><strong>diea</strong></span> <span class='ocrx_word' id='word_1_220' title='bbox 237 3949 357 3992; x_wconf 90' lang='lat' dir='ltr'><strong>moram</strong></span> <span class='ocrx_word' id='word_1_221' title='bbox 382 3924 486 3990; x_wconf 77' lang='lat' dir='ltr'><strong>faeere</strong></span> <span class='ocrx_word' id='word_1_222' title='bbox 518 3929 551 3989; x_wconf 92' lang='lat' dir='ltr'><strong>et</strong></span> <span class='ocrx_word' id='word_1_223' title='bbox 578 3930 690 4008; x_wconf 88' lang='lat' dir='ltr'><strong>poetea</strong></span> <span class='ocrx_word' id='word_1_224' title='bbox 713 3923 920 4007; x_wconf 81' lang='lat' dir='ltr'><strong>Retiepouam</strong></span> <span class='ocrx_word' id='word_1_225' title='bbox 951 3930 1067 4008; x_wconf 87' lang='lat' dir='ltr'><strong>petere.</strong></span> <span class='ocrx_word' id='word_1_226' title='bbox 1126 3925 1293 4006; x_wconf 83' lang='lat' dir='ltr'><strong>Arripieut</strong></span> 
     </span>
    </p>
   </div>
   <div class='ocr_carea' id='block_1_9' title="bbox 138 4053 1292 4534">
    <p class='ocr_par' dir='ltr' id='par_1_11' title="bbox 708 4053 728 4087">
     <span class='ocr_line' id='line_1_32' title="bbox 708 4053 728 4087; baseline 0 0"><span class='ocrx_word' id='word_1_227' title='bbox 708 4053 728 4087; x_wconf 83' lang='grc' dir='ltr'><strong>ιι</strong></span> 
     </span>
    </p>

    <p class='ocr_par' dir='ltr' id='par_1_12' title="bbox 138 4113 1292 4534">
     <span class='ocr_line' id='line_1_33' title="bbox 212 4113 1291 4184; baseline -0.006 -12"><span class='ocrx_word' id='word_1_228' title='bbox 212 4120 223 4172; x_wconf 93' lang='grc'>1</span> <span class='ocrx_word' id='word_1_229' title='bbox 246 4116 295 4172; x_wconf 85' lang='lat' dir='ltr'><strong>Die</strong></span> <span class='ocrx_word' id='word_1_230' title='bbox 313 4114 504 4171; x_wconf 83' lang='lat' dir='ltr'><strong>eeuatruotion</strong></span> <span class='ocrx_word' id='word_1_231' title='bbox 522 4114 560 4170; x_wconf 80' lang='lat' dir='ltr'><strong>iet</strong></span> <span class='ocrx_word' id='word_1_232' title='bbox 577 4114 679 4170; x_wconf 81' lang='lat' dir='ltr'><strong>wieder</strong></span> <span class='ocrx_word' id='word_1_233' title='bbox 692 4114 891 4184; x_wconf 77' lang='lat' dir='ltr'><strong>umgeworlen.</strong></span> <span class='ocrx_word' id='word_1_234' title='bbox 945 4115 961 4168; x_wconf 83' lang='lat'><strong>2</strong></span> <span class='ocrx_word' id='word_1_235' title='bbox 976 4114 1120 4182; x_wconf 80' lang='lat' dir='ltr'><strong>Datirung</strong></span> <span class='ocrx_word' id='word_1_236' title='bbox 1138 4113 1210 4168; x_wconf 81' lang='lat' dir='ltr'><strong>nauh</strong></span> <span class='ocrx_word' id='word_1_237' title='bbox 1230 4113 1291 4168; x_wconf 87' lang='lat' dir='ltr'><strong>dem</strong></span> 
     </span>
     <span class='ocr_line' id='line_1_34' title="bbox 138 4198 1292 4271; baseline -0.005 -11"><span class='ocrx_word' id='word_1_238' title='bbox 138 4204 243 4268; x_wconf 76' lang='lat' dir='ltr'><strong>iuhelt,</strong></span> <span class='ocrx_word' id='word_1_239' title='bbox 261 4221 295 4258; x_wconf 80' lang='lat' dir='ltr'><strong>ru</strong></span> <span class='ocrx_word' id='word_1_240' title='bbox 315 4203 448 4258; x_wconf 83' lang='lat' dir='ltr'><strong>welehem</strong></span> <span class='ocrx_word' id='word_1_241' title='bbox 467 4221 501 4258; x_wconf 82' lang='lat' dir='ltr'><strong>eu</strong></span> <span class='ocrx_word' id='word_1_242' title='bbox 514 4202 690 4271; x_wconf 73' lang='lat' dir='ltr'><strong>rergleiohen</strong></span> <span class='ocrx_word' id='word_1_243' title='bbox 703 4201 729 4256; x_wconf 83' lang='lat' dir='ltr'><strong>J.</strong></span> <span class='ocrx_word' id='word_1_244' title='bbox 744 4201 958 4270; x_wconf 58' lang='lat' dir='ltr'><strong>aeiaermayee</strong></span> <span class='ocrx_word' id='word_1_245' title='bbox 979 4201 1032 4255; x_wconf 86' lang='lat' dir='ltr'><strong>Der</strong></span> <span class='ocrx_word' id='word_1_246' title='bbox 1044 4217 1139 4270; x_wconf 82' lang='lat' dir='ltr'><strong>grume</strong></span> <span class='ocrx_word' id='word_1_247' title='bbox 1149 4198 1292 4256; x_wconf 79' lang='lat' dir='ltr'><strong>Christeu-</strong></span> 
     </span>
     <span class='ocr_line' id='line_1_35' title="bbox 138 4287 1292 4362; baseline -0.003 -16"><span class='ocrx_word' id='word_1_248' title='bbox 138 4296 192 4362; x_wconf 74' lang='lat' dir='ltr'><strong>teg</strong></span> <span class='ocrx_word' id='word_1_249' title='bbox 209 4309 243 4346; x_wconf 77' lang='lat' dir='ltr'><strong>au</strong></span> <span class='ocrx_word' id='word_1_250' title='bbox 263 4290 457 4360; x_wconf 76' lang='lat' dir='ltr'><strong>Regenaburg.</strong></span> <span class='ocrx_word' id='word_1_251' title='bbox 492 4289 535 4346; x_wconf 90' lang='lat' dir='ltr'><strong>Ob</strong></span> <span class='ocrx_word' id='word_1_252' title='bbox 552 4287 602 4347; x_wconf 83' lang='lat' dir='ltr'><strong>der</strong></span> <span class='ocrx_word' id='word_1_253' title='bbox 620 4290 750 4346; x_wconf 81' lang='lat' dir='ltr'><strong>adreeeat</strong></span> <span class='ocrx_word' id='word_1_254' title='bbox 768 4289 840 4344; x_wconf 82' lang='lat' dir='ltr'><strong>anah</strong></span> <span class='ocrx_word' id='word_1_255' title='bbox 859 4289 918 4345; x_wconf 89' lang='lat' dir='ltr'><strong>hier</strong></span> <span class='ocrx_word' id='word_1_256' title='bbox 934 4287 1066 4343; x_wconf 79' lang='lat' dir='ltr'><strong>Valentia</strong></span> <span class='ocrx_word' id='word_1_257' title='bbox 1087 4289 1157 4344; x_wconf 78' lang='lat' dir='ltr'><strong>Eber</strong></span> <span class='ocrx_word' id='word_1_258' title='bbox 1176 4288 1221 4352; x_wconf 88' lang='lat' dir='ltr'><strong>iet,</strong></span> <span class='ocrx_word' id='word_1_259' title='bbox 1241 4289 1292 4344; x_wconf 87' lang='lat' dir='ltr'><strong>wie</strong></span> 
     </span>
     <span class='ocr_line' id='line_1_36' title="bbox 139 4375 1292 4447; baseline -0.004 -12"><span class='ocrx_word' id='word_1_260' title='bbox 139 4380 184 4435; x_wconf 84' lang='lat' dir='ltr'><strong>bei</strong></span> <span class='ocrx_word' id='word_1_261' title='bbox 203 4379 259 4434; x_wconf 85' lang='lat' dir='ltr'><strong>dea</strong></span> <span class='ocrx_word' id='word_1_262' title='bbox 278 4377 410 4435; x_wconf 72' lang='lat' dir='ltr'><strong>fritherun</strong></span> <span class='ocrx_word' id='word_1_263' title='bbox 429 4376 598 4447; x_wconf 82' lang='lat' dir='ltr'><strong>politierheu</strong></span> <span class='ocrx_word' id='word_1_264' title='bbox 613 4377 763 4441; x_wconf 82' lang='lat' dir='ltr'><strong>beriehteu.</strong></span> <span class='ocrx_word' id='word_1_265' title='bbox 784 4377 823 4432; x_wconf 85' lang='lat' dir='ltr'><strong>iet</strong></span> <span class='ocrx_word' id='word_1_266' title='bbox 835 4375 966 4446; x_wconf 82' lang='lat' dir='ltr'><strong>fraglich,</strong></span> <span class='ocrx_word' id='word_1_267' title='bbox 985 4376 1024 4431; x_wconf 90' lang='lat' dir='ltr'><strong>da</strong></span> <span class='ocrx_word' id='word_1_268' title='bbox 1036 4392 1102 4430; x_wconf 86' lang='lat' dir='ltr'><strong>man</strong></span> <span class='ocrx_word' id='word_1_269' title='bbox 1115 4376 1189 4431; x_wconf 86' lang='lat' dir='ltr'><strong>dieee</strong></span> <span class='ocrx_word' id='word_1_270' title='bbox 1207 4376 1292 4446; x_wconf 79' lang='lat' dir='ltr'><strong>dinge</strong></span> 
     </span>
     <span class='ocr_line' id='line_1_37' title="bbox 139 4465 1053 4534; baseline -0.001 -14"><span class='ocrx_word' id='word_1_271' title='bbox 139 4468 169 4521; x_wconf 86' lang='lat' dir='ltr'><strong>in</strong></span> <span class='ocrx_word' id='word_1_272' title='bbox 190 4467 343 4534; x_wconf 76' lang='lat' dir='ltr'><strong>Augeturg</strong></span> <span class='ocrx_word' id='word_1_273' title='bbox 362 4465 433 4520; x_wconf 85' lang='lat' dir='ltr'><strong>doeh</strong></span> <span class='ocrx_word' id='word_1_274' title='bbox 451 4465 614 4520; x_wconf 84' lang='lat' dir='ltr'><strong>eelrwerlieh</strong></span> <span class='ocrx_word' id='word_1_275' title='bbox 633 4469 692 4520; x_wconf 85' lang='lat' dir='ltr'><strong>eret</strong></span> <span class='ocrx_word' id='word_1_276' title='bbox 711 4482 761 4519; x_wconf 80' lang='lat' dir='ltr'><strong>aue</strong></span> <span class='ocrx_word' id='word_1_277' title='bbox 781 4466 932 4534; x_wconf 78' lang='lat' dir='ltr'><strong>Ntirnberg</strong></span> <span class='ocrx_word' id='word_1_278' title='bbox 950 4466 1053 4520; x_wconf 80' lang='lat' dir='ltr'><strong>erfuhr.</strong></span> 
     </span>
    </p>
   </div>
   <div class='ocr_carea' id='block_1_10' title="bbox 0 0 1536 5068">
    <p class='ocr_par' dir='ltr' id='par_1_13' title="bbox 0 0 1536 5068">
     <span class='ocr_line' id='line_1_38' title="bbox 0 0 1536 5068; baseline 0 0"><span class='ocrx_word' id='word_1_279' title='bbox 0 0 1536 5068; x_wconf 95' lang='lat' dir='ltr'><strong> </strong></span> 
     </span>
    </p>
   </div>
  </div>
 </body>
</html>
