3002 5070
247 578 348 655 Quam
366 579 391 642 si
410 583 442 643 te
459 577 576 642 intueri
593 579 804 663 contingeret,
828 577 943 642 Veneri
957 576 990 662 (l)
1019 575 1232 641 venustiorem
1250 579 1282 641 te
1298 575 1400 640 iudice
1490 603 1491 640 r

248 685 453 768 approbares.
501 683 651 768 [cmpno
674 683 872 769 singularum
897 683 1039 767 partium
1066 681 1208 764 corporis
1230 681 1398 745 mirificam
1490 707 1491 724 ¹

246 789 392 868 landem,
427 811 497 853 cum
521 788 567 852 nil
590 787 646 853 illo
669 790 702 853 in
726 811 857 872 corpore
888 786 1075 852 illaudabile
1097 788 1213 850 natura
1236 786 1401 870 produxit.

247 894 293 958 De
316 894 448 959 occultis
470 914 544 957 vero
561 894 628 958 eius
645 895 790 977 partibus
806 892 919 957 melius
943 899 1047 958 tacere
1071 913 1190 970 censeo,
1215 889 1320 976 [cum]
1352 891 1400 954 in-

245 999 371 1064 terioris
391 999 492 1063 forme
514 997 666 1062 iudicium
690 996 828 1061 exterior
851 996 979 1060 indicet.
1026 993 1145 1060 Verum
1170 996 1396 1080 oportunitate

248 1105 401 1189 temporis
424 1125 460 1169 ao
482 1103 552 1184 alijs
575 1125 608 1167 ae
630 1103 837 1186 prebentibus
861 1101 1034 1166 delectasio
1049 1101 1220 1166 ineffabilis
1236 1105 1268 1165 et
1283 1100 1403 1166 solacia

247 1210 391 1276 inaudita
414 1208 598 1274 trahuntur.

333 1313 482 1391 Quamvis
504 1314 562 1378 hec
585 1317 617 1376 et
640 1312 818 1378 consimilia
840 1317 872 1378 te
896 1319 928 1378 et
953 1335 1001 1378 me
1025 1310 1085 1399 [et]
1111 1335 1345 1398 quemcumque
1370 1314 1401 1377 in

248 1442 356 1485 amore
380 1425 556 1485 versantem
581 1418 750 1498 delectent,
771 1424 808 1484 ut
829 1419 919 1503 vulgi
935 1420 1009 1484 licet
1032 1419 1191 1484 cuiusdam
1216 1423 1309 1503 poete
1334 1420 1402 1485 dic·

247 1530 315 1590 tum
341 1525 488 1590 landetur
511 1526 567 1607 (!):
608 1522 722 1588 »Suam
746 1525 860 1608 cuique
882 1546 1042 1608 sponsam,
1066 1522 1145 1588 mihi
1170 1545 1282 1604 meam,
1306 1545 1402 1588 suum

247 1631 360 1715 cuique
384 1652 533 1709 amorem,
558 1629 637 1693 mihi
653 1651 791 1708 meum«,
816 1635 852 1693 ut
875 1635 907 1692 et
930 1650 1040 1694 verum
1066 1627 1086 1715 [.
1105 1677 1113 1691 .
1131 1679 1138 1692 .
1158 1679 1163 1692 .
1181 1627 1211 1714 o]
1230 1629 1239 1663 ¹
1273 1628 1403 1706 dicitur,

248 1738 330 1820 quod
354 1737 571 1821 unusquisqne
603 1756 731 1799 suarum
756 1755 859 1798 rerum
886 1735 1040 1819 benignus
1071 1739 1118 1798 est
1141 1733 1313 1816 interpres,
1348 1735 1403 1798 ad-

250 1841 372 1905 icienda
395 1846 498 1905 tamen
524 1841 608 1905 racio
632 1861 669 1903 ao
692 1840 801 1903 modus
826 1843 883 1918 est,
908 1861 970 1923 quo
987 1838 1032 1902 nil
1057 1838 1200 1922 pulcrius
1224 1838 1402 1920 excogitari

248 1951 364 2029 potest,
388 1969 428 2010 ne
451 1947 574 2010 animus
598 1945 697 2009 amori
721 1945 849 2008 omnino
881 1944 1005 2010 deditus
1030 1941 1074 2032 [a]
1105 1943 1323 2028 principaliori
1350 1945 1401 2008 in-

249 2057 339 2116 tento
362 2051 494 2116 nimium
519 2049 769 2137 abstrahat[ur].
817 2050 915 2114 Amor
945 2051 1028 2114 enim
1066 2072 1135 2114 cnm
1161 2049 1304 2132 periculo
1326 2072 1405 2133 sepe
1490 2115 1491 2118 ,

248 2157 417 2221 concordat
446 2162 479 2220 et
508 2157 583 2221 dnm
607 2157 644 2222 ad
670 2157 700 2220 id
724 2156 825 2221 solnm
849 2162 958 2233 vocat,
987 2157 1069 2240 qnod
1094 2156 1212 2240 diligit,
1236 2178 1403 2240 nunquam

249 2268 355 2327 tamen
390 2263 494 2338 videt,
528 2263 611 2347 quod
636 2263 773 2346 expedit.
819 2261 902 2326 Nam
927 2259 1034 2348 [teste]
1059 2261 1166 2326 Tullio
1190 2261 1340 2325 omnibus
1365 2283 1403 2326 ex

248 2367 347 2431 animi
371 2367 571 2450 passionibus
594 2369 682 2432 nulla
705 2373 753 2432 est
776 2390 881 2434 amore
905 2365 1157 2433 vehementior⁸.

335 2471 404 2536 Hoc
427 2471 529 2557 igitur
548 2472 690 2537 fraterne
713 2494 749 2538 ac
765 2474 960 2538 confidenter
983 2474 1098 2551 scribo,
1121 2495 1252 2557 sperans
1276 2494 1339 2536 non
1370 2474 1400 2537 in

249 2578 363 2642 malam
386 2583 442 2642 aut
465 2602 532 2643 eam
556 2579 712 2662 suscipere
736 2585 869 2662 partem,
892 2583 929 2644 nt
952 2581 1000 2644 ius
1022 2579 1151 2664 aliquod
1175 2579 1207 2642 in
1231 2599 1401 2661 personam

250 2688 337 2746 tuam
360 2684 526 2748 vendicare
542 2706 731 2768 presumens,
755 2693 788 2748 et
803 2684 963 2749 similibus
980 2707 1029 2748 me
1044 2684 1216 2750 obnoxium
1232 2686 1307 2748 scic.
1348 2683 1403 2748 Li·

250 2792 299 2853 cet
322 2788 420 2878 iocari
437 2795 557 2868 mutuo,
581 2795 617 2854 ut
639 2790 833 2854 occasionem
858 2812 1016 2874 quamque
1051 2788 1237 2876 [scrib]endi
1263 2789 1404 2852 vicissim

249 2893 431 2958 habeamus.
487 2892 521 2958 ld
556 2895 632 2959 mibi
667 2901 795 2977 gratnm
819 2895 975 2974 efficeres,
1003 2895 1087 2979 qnod
1109 2900 1141 2959 et
1164 2893 1402 2978 optatissimum

250 3003 306 3078 est,
330 2999 357 3061 si
380 2999 485 3082 sepius
508 3000 544 3064 ad
578 3021 626 3063 me
648 3000 812 3083 scripseris
836 2999 962 3074 literas,
997 3021 1070 3064 nam
1091 3021 1148 3064 nec
1172 3021 1241 3062 mea
1265 2998 1326 3062 tibi
1352 3021 1402 3062 re·

250 3124 365 3187 sponsa
381 3103 522 3183 deerunt,
548 3106 662 3189 quibus
679 3128 741 3170 non
759 3112 846 3170 tuam
863 3105 1077 3190 eloquentiam
1101 3126 1218 3189 equare
1241 3104 1399 3180 studeam,

250 3230 319 3273 cnm
343 3215 375 3273 te
398 3210 500 3273 virum
517 3211 753 3276 ornatissimum
771 3213 853 3290 novi,
877 3213 928 3276 cui
945 3211 1005 3294 ipsi
1025 3210 1120 3276 facile
1143 3209 1252 3275 cedere
1268 3210 1400 3294 possim,

248 3321 297 3378 set
320 3337 378 3394 res,
403 3317 435 3379 in
460 3317 574 3400 quibus
598 3321 651 3381 tue
675 3317 885 3381 versabuntur
908 3317 1009 3394 litere,
1037 3339 1127 3382 ame
1150 3315 1323 3400 diligenter
1346 3336 1399 3378 nc-

250 3424 298 3483 tas
322 3422 501 3487 rescribam.

339 3523 493 3591 Laborem
517 3529 625 3592 volens
648 3529 778 3606 subibo,
813 3550 1008 3615 quecumque
1040 3528 1093 3592 hic
1117 3525 1318 3591 rescribenda
1342 3525 1401 3589 tibi

250 3629 318 3692 lore
341 3629 534 3712 placuerint,
566 3656 622 3698 nec
646 3655 794 3719 umquam
818 3635 897 3700 mihi
923 3634 1106 3710 laborarit,
1130 3655 1200 3696 cum
1225 3631 1327 3695 libens
1352 3631 1403 3694 fe-

250 3755 332 3798 cero.
378 3733 484 3800 Solum
504 3739 602 3804 libros
624 3739 675 3803 bic
692 3741 910 3804 rescribendos
934 3740 1086 3824 proximis
1103 3739 1166 3803 tuis
1182 3737 1310 3818 scriptis
1334 3737 1402 3819 sig-

251 3839 380 3904 nificare
404 3863 502 3908 cures.
548 3842 725 3927 Scriptores
742 3851 847 3908 tamen
864 3843 916 3908 hic
940 3845 1012 3908 boni
1031 3865 1159 3926 perraro
1185 3843 1404 3925 reperiuntur,

253 3947 448 4028 experientia
481 3949 591 4013 doctus
614 3947 734 4034 [dic0],
758 3972 827 4014 cnm
851 3971 959 4014 ornnes
982 3948 1135 4032 lascivijs,
1167 3955 1202 4012 ut
1225 3947 1322 4012 moris
1345 3953 1404 4022 est,

251 4050 348 4115 dediti
372 4055 446 4118 sint.
494 4054 703 4140 Diligenciam
730 4055 936 4120 nibilominus
969 4061 1108 4120 exactam
1140 4053 1305 4118 adhibebo.
1355 4050 1404 4114 De

251 4154 401 4222 Terentio
431 4163 642 4244 cornparando
678 4162 759 4224 bono
783 4166 815 4223 et
838 4165 978 4223 correcto
1002 4180 1076 4236 oro,
1111 4165 1145 4222 ut
1172 4158 1251 4222 adno
1274 4177 1406 4240 operam

819 4298 836 4336 ’l‘

327 4407 335 4458 l
358 4403 450 4459 Puto?
470 4405 565 4474 Vergl.
585 4404 624 4458 im
644 4404 763 4473 librigen
782 4403 915 4458 Petrarea
934 4405 952 4458 l.
972 4423 992 4459 o.
1013 4407 1073 4468 400,
1091 4403 1139 4457 der
1159 4403 1219 4456 hier
1238 4401 1340 4454 wieder
1359 4401 1404 4454 be·

251 4493 332 4544 nutat
351 4489 396 4544 ist.
470 4491 486 4544 2
506 4491 638 4559 Petrarce
657 4491 675 4544 l.
695 4507 716 4545 c.
738 4492 798 4546 402.

1490 4639 1491 4704 l

1490 4730 1491 4780 l
