3002 5070
802 357 843 422 72

244 536 499 604 iocundissimum
525 535 691 600 verborum
710 539 742 598 et
757 531 989 599 sentenciarum
1006 532 1169 618 gravitate
1191 531 1394 598 subtilissime

244 641 301 706 abs
325 640 414 705 vobis
437 639 631 706 elaboratam
662 639 779 722 accepi,
813 659 876 723 qua
898 637 932 702 in
965 659 1015 703 me
1038 659 1101 702 non
1126 636 1330 702 mediocriter
1351 637 1395 701 in·

243 749 367 812 vectum
384 745 552 828 comperio.
600 745 708 809 Eidem
736 743 893 810 invective
918 763 976 828 pro
1004 744 1157 827 temporis
1186 743 1395 828 angustiant

245 848 481 935 expedicionem
517 850 737 933 pluralitatem
767 850 805 914 ad
838 870 969 933 presens
991 869 1155 915 occursum
1180 849 1222 912 iri
1245 854 1397 932 pretereo,

244 957 318 1022 dum
342 955 401 1020 hoc
422 977 520 1020 unum
544 977 599 1022 vos
622 956 712 1040 prius
737 975 953 1032 ommonuero,
978 977 1019 1020 ne
1040 953 1117 1041 quid
1133 953 1246 1018 talium
1271 953 1399 1036 posthae

244 1063 283 1126 de
305 1082 355 1125 me
379 1060 539 1144 suspicare
561 1059 678 1126 velitis.
725 1058 759 1125 Si
782 1059 866 1124 enirn
892 1059 965 1124 mali
983 1058 1106 1144 aliquid
1120 1057 1193 1137 feci,
1208 1057 1397 1122 correccioni

245 1188 295 1231 me
316 1165 419 1232 libens
442 1165 574 1240 subicio,
602 1165 668 1231 veri
692 1171 788 1251 atque
810 1165 838 1230 si
861 1165 936 1251 quid
964 1162 1093 1248 predico
1119 1199 1159 1210 -
1183 1165 1221 1227 ut
1243 1184 1315 1228 cum
1340 1161 1397 1226 sal·

243 1276 353 1338 vatore
376 1274 484 1337 nostro
506 1269 619 1356 loquar
635 1295 698 1336 -·:
724 1269 807 1335 »Cur
832 1293 880 1336 me
903 1270 1029 1336 cedis?‹
1060 1267 1108 1334 De
1132 1268 1183 1334 hie
1206 1289 1269 1333 non
1296 1267 1397 1351 plura

246 1375 367 1441 Rursus
400 1397 472 1442 cum
506 1397 561 1441 vos
588 1377 628 1442 ob
657 1377 831 1442 utilitatem
863 1375 1092 1461 comodumque
1126 1396 1232 1439 meum
1256 1372 1398 1438 maximis

244 1481 393 1546 oneribus
407 1481 596 1547 submissum
613 1482 787 1561 considero,
811 1503 872 1547 non
894 1503 946 1546 eas
969 1481 1068 1560 vobis,
1093 1502 1172 1564 quas
1194 1480 1303 1558 debeo,
1326 1499 1397 1563 gra·

246 1587 318 1666 cias,
341 1590 389 1651 set
412 1608 490 1670 quas
512 1587 612 1666 valeo,
636 1593 669 1654 et
692 1608 753 1672 ago
776 1593 808 1653 et
824 1587 936 1666 refero,
953 1587 1069 1652 iterum
1085 1590 1182 1670 atque
1204 1585 1323 1650 iterum
1346 1584 1399 1648 ob-

248 1691 354 1756 nixius
377 1692 582 1777 deprecando,
606 1700 642 1759 ut
659 1715 717 1778 pro
740 1716 790 1758 me
813 1697 963 1759 consueta
989 1690 1217 1770 benivolencia,
1241 1690 1348 1755 studio
1370 1695 1400 1753 et

246 1819 353 1863 amore
387 1798 488 1881 ceptis
520 1797 657 1864 fideliter
680 1799 826 1864 insistere
858 1798 975 1877 velitis,
1008 1819 1071 1882 quo
1093 1797 1191 1863 cicius
1215 1795 1398 1860 institutum

246 1924 305 1987 pro
328 1925 378 1966 me
411 1903 572 1969 intentum
607 1906 752 1970 obtinere
775 1905 913 1989 possim,
945 1926 1009 1970 non
1033 1908 1098 1968 tam
1121 1902 1214 1981 meis,
1238 1923 1333 1987 quarn
1357 1901 1400 1964 rei

247 2012 353 2072 nostre
376 2007 503 2091 publice
527 2009 679 2088 utilitate,
703 2009 834 2076 comodo
850 2010 1019 2075 ethonore
1046 2007 1208 2092 inspectis,
1232 2027 1327 2090 quam
1352 2026 1400 2068 ra-

246 2113 389 2178 cionibus
423 2112 591 2196 permultis
625 2115 792 2181 brevitatis
819 2115 941 2179 intuitu
973 2113 1026 2180 hic
1062 2113 1187 2178 rescisis
1210 2111 1307 2195 longe
1329 2110 1399 2195 plus

247 2241 297 2284 me
320 2240 358 2284 ex
381 2218 441 2284 hoo
464 2219 635 2286 relevatam
658 2221 876 2286 demonstrare
893 2219 1119 2304 intelligerem.
1166 2215 1251 2293 Quas
1275 2215 1401 2299 quidem

248 2325 389 2390 raciones
407 2323 521 2407 partim
539 2346 576 2389 ex
596 2325 724 2390 missiva
739 2325 874 2390 dominis
890 2326 968 2390 meis
984 2347 1021 2390 ex
1036 2346 1087 2390 me
1103 2320 1316 2408 presentanda
1338 2318 1402 2382 cla·

248 2431 313 2496 rius
336 2429 479 2514 excipere
503 2431 660 2513 poteritis,
683 2451 721 2496 ex
744 2451 807 2514 qua
829 2435 862 2496 et
884 2430 956 2515 alijs
979 2429 1096 2494 litteris
1124 2425 1306 2493 consulatui
1331 2423 1401 2488 mie·

249 2536 292 2603 sis
322 2539 547 2619 tempestatum
581 2540 763 2601 nostrarum
785 2537 899 2600 seriem
923 2558 976 2601 vos
991 2534 1127 2600 lucidius
1150 2532 1337 2597 auditurum
1353 2529 1404 2593 hic

248 2640 396 2718 subsisto,
419 2661 482 2704 non
506 2640 632 2721 dubius,
656 2642 732 2726 quin
757 2643 867 2707 maiori
892 2664 999 2727 opera,
1023 2663 1085 2727 quo
1110 2638 1211 2724 magis
1235 2658 1303 2703 mos
1324 2635 1404 2701 milri

249 2750 389 2829 geratur,
412 2744 630 2810 solicitaturus
652 2748 724 2812 aitis
741 2747 761 2810 ¹.

338 2849 440 2913 Multa
463 2849 598 2934 denique
621 2851 659 2916 de
674 2850 827 2917 furcifero
852 2855 961 2916 nostro
978 2849 1159 2918 Hainrico⁸
1185 2849 1405 2935 perstringere

249 2955 420 3034 haberem,
453 2978 565 3021 verum
588 2978 659 3022 oum
694 2957 789 3041 longe
816 2956 890 3040 plus
913 2958 988 3022 mali
1024 2979 1080 3042 per
1104 2980 1175 3021 eum
1195 2955 1286 3034 mihi,
1310 2975 1403 3038 quam

248 3060 357 3144 ullolll
381 3083 530 3144 umquam
553 3061 797 3127 hominimundi
831 3061 958 3126 illatum
981 3063 1189 3142 considerem,
1214 3061 1252 3124 de
1268 3081 1306 3124 eo
1329 3059 1405 3144 quid

251 3167 394 3230 dicturus
416 3167 475 3230 sim
500 3167 614 3246 nescio,
638 3190 709 3233 cum
739 3168 915 3232 adnomen
946 3169 1013 3232 eius
1048 3189 1109 3232 non
1135 3187 1223 3232 secus
1247 3187 1341 3249 quam
1366 3167 1405 3228 ad

250 3270 379 3336 Tartari
412 3273 599 3338 vocabulum
633 3277 719 3337 totus
752 3271 1001 3357 perhorrescam.
1058 3271 1181 3337 Gaudia
1212 3272 1297 3335 enim
1326 3270 1404 3335 mihi

251 3378 336 3442 dictu
360 3376 477 3442 altiora
510 3399 568 3460 per
600 3399 671 3441 eurn
694 3378 873 3460 intercepta
902 3378 933 3441 in
966 3378 1151 3462 luctumque
1173 3376 1404 3441 ernarissimum

251 3504 401 3548 conversa
423 3489 506 3548 suut.
545 3479 662 3548 Uxoris
677 3483 860 3549 dulcissima
883 3484 1052 3569 colloquia,
1075 3486 1221 3566 aspectus
1243 3483 1406 3569 angelicus

252 3588 436 3672 reliquaque
468 3587 599 3653 silencio
631 3588 730 3673 digna
764 3609 834 3653 oum
864 3611 939 3655 voce
968 3590 1034 3654 eius
1058 3587 1205 3654 Hainrioi
1228 3586 1404 3672 dyabolica,

251 3696 380 3775 aspectu
403 3691 540 3757 mosaico
557 3693 734 3779 ceterisque
750 3694 963 3760 callidissimis
979 3693 1131 3777 versuoijs
1147 3697 1180 3758 et
1191 3692 1406 3758 delacionibus

251 3819 348 3880 opera
363 3801 396 3862 et
413 3797 607 3864 tradimento
622 3799 688 3864 eius
700 3804 893 3865 commutata
908 3800 1011 3881 video,
1026 3807 1122 3885 atque
1134 3835 1176 3845 -
1189 3819 1208 3863 ο
1219 3797 1343 3862 utinam
1354 3818 1405 3860 su-

252 3902 348 3986 plicio
364 3908 455 3968 tanto
470 3904 722 3988 calumpniatore
738 3906 835 3990 digno
870 3906 1093 3986 contundatur,
1118 3904 1202 3991 quod
1219 3903 1251 3967 in
1276 3925 1327 3969 me
1339 3905 1405 3968 iure

253 4007 441 4094 dignissimo
465 4011 651 4076 meruisset!
677 4011 723 4076 l)e
746 4011 868 4076 domini
887 4009 1025 4075 lleruli⁸
1048 4014 1134 4075 statu
1158 4013 1190 4073 et
1215 4007 1405 4086 valetudine,

252 4114 380 4179 vivatne
397 4137 437 4180 an
456 4119 600 4181 mortuus
616 4117 668 4195 sit,
685 4117 731 4181 nil
748 4117 820 4181 novi
838 4118 1003 4202 explorare
1020 4117 1172 4182 haetenus
1188 4115 1288 4199 quivi,
1311 4137 1405 4199 opera

326 4289 337 4340 l
362 4286 424 4356 vgl.
444 4288 537 4344 hieran
556 4289 610 4344 den
629 4289 767 4344 ebenfalls
786 4227 857 4346 nobb
880 4291 1030 4359 dugsburg
1049 4287 1202 4359 gehtrigen
1221 4286 1340 4352 berioht,
1359 4286 1404 4341 der

254 4373 355 4428 Fontes
373 4391 425 4430 rer.
445 4377 581 4431 Austriac.
596 4377 630 4431 ll.
646 4376 709 4432 obt.
724 4375 810 4442 XLII,
823 4379 873 4435 261
889 4394 938 4432 ans
951 4393 1064 4433 unserer
1074 4375 1252 4432 handschrilt
1270 4373 1404 4446 gedroclrt

253 4461 299 4518 ist.
370 4461 535 4522 scireest.
624 4463 750 4534 81139ιι.ι
