3002 5070
629 388 670 454 49

76 561 280 645 Erel[bach]¹
318 568 350 628 et
376 563 446 628 fidei
468 568 501 626 et
528 563 698 628 iuramenti
730 563 857 646 prestiti
888 568 920 627 et
950 566 1081 649 proprie
1112 568 1226 632 salutis

74 670 201 752 penitus
222 670 389 735 immemor
404 671 704 736 inverecundissima
719 670 808 754 loqui
825 675 857 734 et
873 670 977 736 facere
1000 692 1061 736 non
1079 681 1223 757 expavet.

76 772 160 838 Dicit
183 776 278 850 enim,
303 797 365 856 eos,
389 776 443 860 qui
470 776 563 840 modo
578 775 690 839 urbem
706 779 847 839 nostram
873 779 1000 858 regunt,
1023 776 1124 858 ipsam
1147 778 1225 844 civi·

74 883 169 942 tatem
195 879 227 942 in
252 883 325 944 octo
348 881 490 944 centenis
512 881 643 946 milibus
665 901 834 946 aureorum
857 879 1066 962 defraudasse,
1091 905 1226 967 quorum

73 982 170 1067 aliqui
186 982 282 1070 longe
298 985 460 1070 digniores
475 985 634 1070 supplicio
650 990 765 1066 essent,
781 1008 877 1070 quam
890 983 1065 1072 Jo[annes]
1077 985 1225 1074 Fe[der]⁹

74 1089 230 1153 extiterit.
277 1088 363 1154 Dicit
379 1090 519 1173 insuper,
543 1090 685 1175 quinque
700 1112 733 1156 sa
749 1090 920 1156 citaciones
941 1090 1116 1155 obtinuisse
1131 1113 1227 1175 super

77 1195 219 1278 quinque
240 1195 397 1277 separatis
421 1195 533 1274 causis,
558 1217 692 1280 quarum
718 1195 862 1280 quelibet
886 1217 946 1278 pro
969 1216 1051 1279 pena
1073 1196 1226 1261 reforma-

74 1297 196 1362 cionis⁸
221 1298 369 1364 sufficiat.
415 1297 488 1363 Non
513 1300 613 1376 video,
638 1299 722 1385 quod
739 1300 771 1363 in
794 1299 984 1364 cancellaria
1006 1321 1144 1384 eousque
1167 1299 1226 1364 ali-

74 1403 197 1490 qualm)
229 1404 427 1488 expediverit
459 1405 509 1470 vel
544 1405 581 1469 de
613 1405 676 1488 hijs
708 1405 903 1471 mencionem
932 1403 1055 1470 fecerit.
1115 1403 1227 1469 Estote

72 1510 171 1592 igitur
188 1510 426 1593 circumspecti,
442 1515 478 1573 ut
494 1510 641 1576 concordi
657 1515 834 1595 pacataque
849 1510 956 1575 animo
971 1509 1100 1594 singula
1115 1515 1228 1574 contra

71 1637 139 1678 enm
164 1614 300 1698 provide
323 1619 471 1696 agantur.
516 1613 554 1678 In
578 1635 701 1680 summa
725 1617 807 1680 enim
832 1616 936 1700 ipsum
959 1615 1138 1680 delatorum
1165 1637 1225 1680 nu·

72 1741 158 1784 mero
191 1720 262 1784 iure
296 1719 418 1803 optimo
451 1720 698 1803 computandum
730 1742 849 1786 censeo.
906 1719 1020 1806 Neque
1050 1721 1136 1788 enim
1168 1723 1227 1786 boc

72 1831 216 1909 tempore
244 1824 341 1889 alicui
372 1823 444 1907 plus
475 1830 606 1908 patent,
645 1847 742 1910 quam
778 1826 912 1891 delatori
940 1827 1097 1911 principis
1125 1849 1226 1893 aures.

72 1930 223 1996 Omnium
247 1931 358 2014 itaque
380 1951 508 1994 suorum
533 1931 724 1998 motivarum
752 1932 960 2015 probaciones
982 1936 1015 1995 et
1038 1932 1227 1998 documenta

73 2058 108 2099 ex
130 2038 216 2101 urbe
239 2041 345 2100 vestra
367 2057 400 2100 se
415 2057 478 2102 non
495 2036 624 2102 dubitat
635 2037 832 2116 habitururn,
857 2037 941 2123 qnod
958 2038 1069 2103 auditu
1092 2037 1226 2103 horren-

71 2142 142 2205 dum
167 2141 456 2226 detestandumque
480 2147 536 2206 est.
583 2139 682 2206 Vobis
707 2163 780 2208 vero
802 2142 835 2205 iu
860 2143 987 2222 unione,
1011 2163 1087 2225 pace
1109 2142 1226 2208 frater·

71 2269 174 2332 naque
209 2246 343 2311 caritate
373 2246 469 2311 simul
491 2247 672 2312 viventibus
695 2248 763 2331 ipse
786 2268 898 2312 nocere
921 2269 983 2312 non
1007 2248 1137 2330 poterit,
1161 2247 1226 2312 dis-

74 2351 281 2415 cordantibus
299 2373 371 2416 vero
387 2352 561 2436 plurimum
574 2350 597 2416 ⁴.
637 2351 825 2418 Evellantur
835 2374 912 2437 ergo
931 2353 1041 2436 plante
1057 2353 1227 2435 degeneres

72 2457 204 2540 stagni
230 2457 351 2538 rabidi,
375 2464 412 2521 ut
434 2457 557 2522 nobiles
581 2461 613 2522 et
635 2458 703 2522 sani
728 2460 917 2542 contagione
947 2479 1008 2522 non
1033 2457 1227 2522 inficiantur.

73 2560 111 2624 Et
134 2584 209 2627 cum
234 2562 382 2628 civitates
407 2562 467 2628 boc
490 2567 633 2646 tempore
649 2563 837 2647 plerumque
859 2562 925 2627 sole
940 2564 1014 2642 sint,
1038 2562 1152 2628 vellem
1169 2584 1227 2646 pro

72 2671 257 2750 temporum
279 2669 428 2752 angustia
451 2668 560 2752 plures
589 2668 686 2733 simul
719 2691 786 2734 esse
818 2669 924 2734 federa
946 2675 979 2734 et
1001 2669 1069 2752 liga
1092 2669 1227 2748 iunctas,

72 2773 232 2856 quomodo
267 2772 306 2838 de
327 2794 361 2838 se
392 2773 471 2856 ipsis
494 2773 609 2838 confise
632 2774 816 2839 cottidianis
839 2774 1022 2858 crebrisque
1044 2772 1227 2854 insolencijs

72 2878 248 2944 animosius
280 2878 427 2942 resistere
458 2885 597 2963 possent.
643 2879 704 2943 Eas
735 2880 817 2944 enim
848 2883 880 2943 ct
902 2880 1041 2944 abiectas
1064 2869 1097 2942 et
1120 2897 1228 2942 exosas

71 2984 220 3048 omnibus
250 2984 432 3065 comperio,
467 2987 504 3047 ut
533 2985 661 3068 quosvis
693 2985 870 3050 christiane
892 2983 1060 3067 religionis
1082 2982 1228 3046 inimicos

74 3125 111 3134 -
128 3109 210 3172 pace
226 3087 359 3152 dixerim
376 3125 411 3134 -
432 3089 510 3171 ipsis
537 3090 676 3172 prelatos
702 3090 837 3154 videam.
886 3088 968 3153 Sunt
983 3089 1118 3172 denique
1133 3108 1229 3168 super

75 3216 253 3273 numerum,
272 3195 327 3278 qui
345 3193 511 3258 civitatum
528 3195 597 3260 loco
614 3195 794 3278 planiciem,
809 3199 912 3278 pratu,
937 3201 1065 3272 terram,
1088 3192 1228 3256 aratoria

76 3323 127 3365 sen
152 3300 263 3364 vineas
288 3321 354 3364 esse
380 3305 417 3364 ιιι
446 3301 543 3365 vitam
567 3301 747 3366 desiderent
769 3301 898 3385 diesque
922 3299 981 3380 [et]
1011 3303 1119 3364 noctes
1143 3299 1172 3360 id
1195 3318 1228 3360 se

75 3407 243 3472 effecturos
265 3407 450 3472 studebunt.
497 3405 681 3492 Numquam
705 3406 843 3491 denique
866 3404 1026 3470 comodius
1050 3424 1143 3487 quam
1169 3402 1228 3466 boc

74 3516 218 3596 tempore
237 3511 394 3595 supprimi
411 3513 556 3576 civitates
572 3517 757 3595 potuerunt,
773 3533 855 3588 cnm,
872 3513 909 3574 ut
923 3509 1057 3593 predixi,
1073 3509 1138 3572 sole
1153 3506 1228 3585 sint,

77 3619 220 3701 quelibet
250 3617 385 3702 denique
416 3617 547 3681 alterins
576 3617 742 3683 incomoda
772 3638 805 3680 se
838 3619 939 3679 tutam
973 3618 1005 3678 et
1038 3611 1227 3689 dissimulat,

76 3723 194 3804 gaudet
217 3729 251 3788 et
273 3721 405 3802 letatur,
431 3723 530 3787 donec
547 3743 655 3787 omnes
670 3717 866 3806 sigillatim⁵
884 3723 1067 3784 evertentur
1082 3723 1178 3802 atque
1194 3718 1228 3779 in

74 3827 353 3912 irrecuperabilem
377 3828 518 3912 inopiam
549 3829 745 3912 redigentur.
790 3825 838 3889 Ve
862 3826 946 3889 enim
969 3824 1047 3902 soli,
1078 3823 1229 3908 quicum

645 3933 662 3970 ss

147 4048 159 4101 l
182 4045 247 4114 vgr.
266 4041 373 4101 Stchr.
392 4043 427 4110 V,
445 4045 497 4100 296
517 4045 545 4102 ff.
583 4033 656 4102 tiber
678 4041 891 4098 handscbriften
912 4059 962 4096 aus
980 4059 1002 4098 s.
1021 4041 1109 4096 besita
1127 4058 1146 4095 s.
1168 4040 1229 4096 Bei-

78 4139 159 4205 trs'rge
178 4153 201 4189 a.
223 4133 283 4189 Kde
301 4133 476 4189 rteiermtrlx.
502 4131 588 4198 ceu.
615 4131 799 4196 xx111,1ff.
939 4129 1040 4199 2ng
1067 4127 1174 4183 Sallhr.
1196 4127 1227 4193 V,

78 4223 128 4278 ‘239
147 4225 166 4284 l.
185 4241 211 4278 ιι.
229 4223 302 4278 285¹.
385 4225 402 4278 3
421 4220 489 4278 Eine
506 4220 537 4276 in
564 4223 612 4277 der
638 4219 822 4276 reformation
841 4217 998 4273 Friedrichs
1016 4215 1066 4271 Ill.
1087 4234 1141 4272 ron
1162 4217 1229 4270 1442

80 4313 252 4382 sngedrobte
270 4311 378 4366 strala?
476 4311 590 4366 4Gana
617 4309 747 4364 tbnliche
773 4307 878 4376 klagen
905 4305 1035 4362 libandis
1054 4303 1230 4373 unainiglreit

80 4399 125 4453 der
143 4400 236 4456 stadie
253 4417 287 4454 au
305 4399 410 4454 diesem
425 4399 492 4469 jabr
509 4398 554 4454 bei
576 4397 703 4452 Barkard
723 4395 793 4450 Zinlx
812 4391 1096 4467 [Stadtetlbroniken
1110 4392 1143 4462 V]
1169 4393 1229 4448 231.

81 4493 95 4542 5
112 4488 335 4558 :singillatim
355 4487 513 4542 sunderlich
533 4505 552 4541 s.
573 4485 761 4548 Dieffenbacb,
781 4483 869 4539 Gloss.
890 4501 910 4536 s.
932 4501 956 4536 v.

131 4593 234 4638 maaser.
1002 4572 1019 4624 4
