3002 5070
647 421 689 485 35

95 616 170 657 num
195 615 274 676 erpo
296 595 324 656 si
347 594 423 678 quid
446 595 547 676 debis,
571 597 787 682 gratissimum
806 598 877 676 erit,
894 599 975 682 qnod
993 602 1025 663 ct
1039 597 1073 662 in
1096 597 1163 662 dies
1185 599 1251 662 avi-

93 699 224 762 dissime
247 702 449 784 exspectabo.

181 803 332 888 Suscepi,
366 803 526 870 carissime
557 805 677 884 frater,
710 807 853 874 afratre
875 807 1080 893 sigismundo
1103 813 1163 874 etc.
1187 807 1249 874 'le-

94 913 236 975 rentium
261 915 374 986 tuum,
409 933 500 994 quem
525 911 637 996 utique
667 914 736 976 iure
759 913 970 997 proprietatis
994 913 1072 977 mibi
1096 935 1250 997 usurpare

92 1015 177 1094 volo,
203 1015 287 1080 mele
312 1016 395 1081 enim
413 1016 504 1082 libris
518 1017 581 1082 nisi
598 1017 736 1103 propriis
751 1018 801 1082 uti
816 1017 922 1096 velco;
945 1018 1051 1082 enimo
1068 1017 1252 1101 gratissimo

95 1117 215 1206 [aliud]
240 1122 278 1186 ed
302 1121 363 1186 tibi
386 1121 645 1188 satisfaciendum
668 1145 728 1207 pro
751 1145 788 1188 eo
811 1123 974 1208 polliceor.
1020 1121 1084 1188 Oro
1108 1129 1139 1187 et
1152 1123 1248 1187 Plau·

93 1233 166 1290 tum
190 1225 273 1290 mihi
299 1247 484 1310 comparare
505 1226 601 1304 velis,
636 1250 699 1313 quo
721 1234 854 1312 propter
876 1228 1014 1307 modum,
1037 1249 1130 1312 quem
1155 1226 1252 1290 habet

93 1331 326 1397 facetissimum
361 1333 531 1417 aliquando
561 1333 610 1398 uti
643 1355 778 1418 possem.
823 1332 857 1399 Si
885 1356 947 1418 que
970 1334 1068 1398 eciem
1092 1332 1198 1397 iocose
1220 1336 1252 1395 et

94 1435 305 1501 delectabilia
326 1443 406 1522 aput
425 1442 457 1503 te
480 1444 595 1518 essent,
618 1461 697 1524 rogo
712 1441 902 1519 humillime,
920 1446 955 1504 ut
971 1445 1004 1504 et
1018 1439 1096 1524 ipsis
1111 1460 1161 1504 me
1176 1460 1250 1522 pnr-

91 1541 228 1626 ticipcm
251 1541 359 1606 facies.

184 1643 267 1710 Vale
294 1667 365 1711 mco
394 1646 500 1712 valere
531 1649 695 1714 iocundius
731 1654 763 1713 et
785 1671 835 1712 me
857 1649 988 1726 amicis,
1018 1647 1197 1713 fautoribus
1220 1653 1251 1712 el

91 1752 191 1836 socijs
221 1756 329 1816 tecum
360 1754 559 1818 morantibus
586 1755 807 1820 commendere
837 1776 900 1820 non
924 1754 1154 1838 pretermittas.
1203 1751 1249 1816 Ex

95 1856 287 1946 Ang[nsta].

191 1963 325 2028 ¹Habni
347 1965 501 2050 scriptum
526 1965 590 2051 hijs
612 1967 722 2031 diebus
744 1989 763 2030 a
786 1967 940 2052 magistro
962 1965 1114 2054 Jo[enne]
1132 1965 1250 2030 Foren-

94 2071 213 2154 berger
227 2066 259 2146 ¹,
292 2069 347 2154 qni
371 2070 457 2134 inter
484 2071 548 2136 alia
570 2071 838 2157 complementum
863 2073 1024 2138 cuiusdam
1047 2073 1161 2156 scripti
1184 2093 1250 2137 ma-

93 2175 192 2259 gistri
209 2174 377 2240 Michaelis
399 2177 437 2240 de
461 2175 655 2242 Savonarola
684 2178 723 2242 de
746 2178 889 2242 febribus
912 2177 1027 2243 nullibi
1051 2177 1113 2262 (ut)
1137 2177 1249 2242 scribit

92 2303 127 2344 ee
151 2282 313 2366 reperire,
355 2283 556 2348 exactissima
577 2283 723 2348 adhibita
756 2289 861 2347 temen
893 2304 999 2368 opere.
1047 2282 1137 2368 Rogo
1160 2288 1197 2347 ut
1220 2287 1252 2346 et

93 2388 177 2454 educ
208 2396 288 2474 aput
311 2391 472 2474 prefatum
495 2391 686 2474 magistrum
715 2385 899 2477 Jo[anncm]
932 2390 1051 2454 instare
1082 2384 1160 2452 velis
1188 2385 1250 2452 non

94 2493 277 2578 desinassl)
302 2501 335 2559 et
360 2495 561 2582 diligentiam
594 2495 743 2560 adhibere
766 2515 948 2578 operosam,
976 2499 1009 2559 ct
1032 2494 1122 2558 iuxta
1145 2492 1253 2577 priora

94 2605 210 2684 optata
242 2599 446 2667 describendo
478 2602 665 2687 ampliorem
696 2606 836 2665 meretur
850 2603 902 2685 (l).
956 2599 989 2666 Si
1026 2601 1106 2664 bene
1128 2619 1250 2664 memor

94 2726 177 2782 snm,
200 2706 267 2770 scio
289 2707 448 2792 originale
470 2708 608 2773 eiusdem
631 2707 744 2791 scripti
768 2728 835 2771 csse
857 2712 936 2790 apul
960 2706 1115 2790 quendum
1139 2703 1249 2769 docto-

96 2833 164 2874 rem
187 2811 344 2876 medicine
369 2814 497 2881 nominc
519 2813 726 2899 Georgius(?)
749 2815 787 2879 de
811 2811 971 2898 Piraeo),
996 2835 1089 2896 quem
1113 2813 1192 2874 educ
1218 2812 1248 2874 in

96 2915 245 2982 humanis
268 2938 336 2981 esse
357 2915 483 2984 andio³.

665 3185 683 3222 a

96 3267 234 3324 derisum.
271 3270 344 3324 Sunt
362 3268 437 3324 enim
461 3269 652 3328 huiuscemodi
675 3287 709 3326 ac
736 3286 807 3340 pene
824 3267 933 3323 infinite
960 3265 989 3319 in
1018 3281 1112 3320 amore
1132 3263 1249 3323 miserie,

94 3371 216 3426 quarum
237 3357 371 3411 accurata
388 3355 578 3412 dinumerscio
596 3374 649 3412 nec
667 3359 782 3428 experto
801 3354 956 3410 necessaria
982 3356 1024 3408 est
1042 3369 1093 3408 nec
1111 3351 1251 3406 credibilis

94 3442 284 3510 inexperto..
300 3433 327 3496 ..’
354 3441 459 3499 Hortor
477 3460 544 3512 ergo
563 3446 592 3498 te
610 3444 749 3510 fraterne,
769 3446 802 3498 nt
822 3440 964 3500 voluntati
983 3459 1004 3496 r.
1024 3439 1114 3509 patris
1134 3438 1161 3492 d.
1180 3437 1251 3508 epis-

95 3529 158 3598 copi
180 3528 369 3598 Eyslettensis
388 3533 416 3584 te
433 3531 599 3586 confirmare
618 3529 694 3586 velis.
732 3531 777 3584 lte
796 3529 870 3584 enim
890 3527 943 3581 tibi
962 3525 1092 3592 aflicitur,
1113 3529 1145 3580 ut
1165 3527 1251 3581 nemi-

96 3635 161 3672 nem
182 3615 265 3674 hodie
280 3616 373 3672 rivere
386 3617 561 3684 contendam,
581 3619 626 3673 cni
645 3618 735 3689 magis
754 3616 919 3672 afficiatur«

175 3709 186 3760 l
209 3707 265 3760 Des
283 3706 415 3777 fulgendo
443 3707 639 3776 naehtrsglieh
665 3709 820 3777 zngeeetnt,
849 3703 914 3759 sehr
932 3703 1057 3774 dtchtig,
1076 3703 1164 3758 daher
1184 3701 1250 3758 viel-

96 3795 162 3848 lech
181 3793 326 3850 unriclrere
351 3795 460 3865 lesung.
518 3797 534 3848 2
553 3795 594 3850 lm
615 3793 951 3864 nurnbergersaubuch
971 3795 997 3846 ps
1009 3792 1027 3848 f.
1042 3791 1107 3846 853⁵
1130 3789 1251 3860 [Ntrnb.

97 3881 290 3950 Kreisarchirl
302 3882 394 3937 steht:
418 3883 507 3938 »rtem
526 3883 624 3940 doctor
636 3881 748 3937 Johenn
766 3881 938 3952 Fornberger
957 3880 999 3934 als
1018 3880 1067 3934 der
1086 3897 1140 3934 von
1160 3879 1251 3932 einem

97 3974 163 4024 rate
180 3970 264 4024 etlich
284 3971 394 4042 gellen
418 3969 543 4026 studiren
562 3969 670 4041 gehabt
687 3969 739 4024 hat
759 3968 815 4023 und
839 3968 945 4023 dermit
970 3967 1066 4025 doctor
1085 3967 1197 4023 worden
1214 3964 1252 4019 ist

99 4058 154 4112 und
177 4075 214 4112 nu
233 4057 340 4128 bepcrt,
359 4058 398 4111 im
419 4075 624 4126 znnergonncn,
644 4075 681 4113 an
700 4057 807 4112 andern
827 4055 915 4112 enden
934 4073 967 4110 ru
981 4055 1121 4124 dyennen,
1141 4055 1200 4109 also
1211 4054 1252 4106 ist

98 4147 136 4200 im
155 4145 205 4200 des
224 4163 277 4201 ron
297 4145 388 4200 einem
407 4147 470 4200 rate
490 4149 630 4216 vergonnt
656 4145 783 4208 worden,
809 4143 879 4200 doch
904 4160 987 4198 wann
1010 4143 1040 4197 in
1068 4142 1114 4198 ein
1139 4144 1201 4196 rate
1219 4157 1251 4193 ru

97 4234 156 4306 der]
167 4235 227 4288 stat
245 4233 323 4289 diust
340 4231 476 4292 uiderem
489 4234 609 4290 vordern
627 4234 728 4297 werde,
746 4233 798 4288 das
810 4249 840 4288 er
852 4233 929 4288 donn
948 4231 997 4286 deu
1015 4231 1180 4300 gehersume
1194 4245 1250 4296 sey,

99 4324 128 4376 iu
148 4319 233 4377 made
251 4339 282 4377 er
300 4322 348 4377 des
368 4339 424 4392 gen
442 4321 522 4378 einen
541 4325 602 4377 rate
616 4321 790 4376 verechriben
804 4319 849 4378 ist.
862 4321 917 4375 act.
930 4319 980 4374 fer.
997 4317 1042 4370 Vl.
1054 4319 1117 4388 post
1130 4333 1250 4374 convers.

98 4409 182 4465 Pauli
203 4409 294 4465 lesu«
349 4411 366 4464 3
386 4407 470 4479 Liegt
487 4427 510 4464 r.
531 4409 557 4462 b.
577 4426 626 4464 ror
648 4409 677 4462 in
695 4407 758 4462 clm.
772 4409 830 4468 184.
851 4406 901 4462 der
919 4423 969 4460 aus
988 4405 1050 4460 dem
1067 4404 1152 4459 benite
1166 4404 1250 4458 Hart-

100 4517 185 4554 mann
204 4495 333 4553 Schedels
352 4501 478 4554 etammt
519 4498 580 4568 Vgl.
600 4499 689 4552 uuten
709 4515 751 4550 nr.
771 4499 813 4550 55.
1027 4581 1041 4614 *

999 4585 1014 4634 3
