3002 5070
820 409 862 472 46

262 583 418 665 preterire
449 605 553 669 cogor.
599 582 736 668 Expedit
767 584 853 649 enim
881 583 944 666 hijs
978 584 1072 650 malis
1094 586 1139 652 sic
1163 587 1294 652 cottidie
1317 609 1424 653 emer-

264 688 414 772 gentibus
436 689 574 755 obviere.
620 687 703 754 Nam
726 693 764 754 ut
786 690 892 775 inquit
914 689 1062 756 Ovidius:
1097 691 1289 775 »Principiis
1311 693 1423 768 obsta,

262 814 332 857 sero
349 794 504 858 medicina
518 799 660 878 paratur.
691 792 771 860 Cum
786 795 871 860 mala
882 795 1065 882 prolongas,
1089 796 1253 862 invaluere
1267 796 1420 880 mora(s}.

262 897 317 964 Set
341 899 471 983 propria
493 920 551 964 nec
573 903 609 963 tu
626 904 775 964 venturas
795 899 887 964 differ
909 902 940 965 in
959 901 1063 980 horas,
1086 903 1142 987 qui
1158 925 1221 969 non
1245 908 1294 968 est
1308 902 1424 976 hodie,

263 1025 333 1069 cras
355 1003 459 1068 minus
482 1009 575 1087 aptus
600 1003 692 1069 erit«
740 1005 919 1090 Accingere
947 1027 1043 1092 queso
1067 1013 1109 1086 te,
1132 1008 1320 1092 accingere!
1360 1005 1423 1072 Nil

262 1109 346 1174 enim
369 1109 437 1174 sine
459 1129 575 1194 magno
598 1111 664 1174 vita
687 1110 795 1176 labore
818 1111 906 1178 dedit
930 1112 1128 1192 mortalibus,
1153 1117 1189 1178 ut
1210 1114 1318 1198 iuquit
1341 1115 1421 1178 bea·

265 1221 315 1280 tus
337 1213 533 1280 Jeronimns.
579 1213 652 1280 Non
689 1224 737 1279 est
759 1215 808 1282 vir
829 1222 978 1283 strenuus
1001 1223 1034 1284 et
1056 1217 1171 1300 fortis,
1195 1220 1250 1305 qui
1273 1218 1422 1284 laborem

262 1321 358 1406 fugit.
404 1319 476 1387 Nou
501 1320 597 1386 eciam
621 1322 734 1388 crescit
756 1321 806 1386 illi
827 1323 951 1388 animus
979 1345 1018 1388 ex
1034 1345 1140 1390 rernm
1156 1324 1359 1403 difficultate,
1382 1333 1424 1390 ut

262 1427 370 1511 inquit
393 1425 530 1504 Seneca,
562 1427 615 1490 vix
641 1428 719 1492 bene
742 1427 884 1510 geritur,
908 1429 991 1513 quod
1014 1429 1127 1512 paride
1148 1429 1283 1513 geritur.
1329 1429 1421 1496 Nus·

264 1554 358 1616 quam
383 1531 485 1596 virtus
509 1532 624 1597 clarior
647 1531 775 1610 eminet,
798 1555 893 1617 quam
917 1555 974 1598 sno
998 1533 1127 1602 admoto
1149 1536 1320 1601 contrario.

352 1636 394 1700 Et
416 1637 491 1722 qnia
506 1635 588 1701 nibil
603 1638 762 1720 privatum
779 1644 835 1704 aut
850 1638 1012 1723 publicum
1039 1639 1156 1706 stabile
1178 1661 1245 1706 esse
1267 1640 1426 1718 ridemus,

264 1750 328 1808 tem
362 1743 524 1808 hominum
561 1764 656 1827 qnam
691 1743 818 1808 urbium
850 1744 935 1810 facta
968 1744 1148 1810 volvuntur.
1205 1745 1296 1812 Inter
1318 1748 1423 1811 eciam

266 1846 496 1930 placidissimos
519 1852 622 1912 terror
645 1847 763 1926 existit,
787 1853 932 1933 tempore
954 1850 1038 1914 euim
1063 1852 1260 1936 temporibus
1282 1873 1416 1918 concer-

264 1958 345 2032 tant,
370 1974 475 2018 secum
499 1952 638 2036 singula,
662 1954 824 2019 nobiscum
840 1955 958 2021 omnia.
1004 1953 1101 2022 Vides
1116 1955 1270 2040 profecto,
1295 1963 1421 2041 quanta

264 2059 312 2122 ris
350 2058 383 2122 in
423 2080 456 2123 re
494 2057 623 2143 publica
654 2063 832 2142 temporum
867 2061 928 2139 sit,
968 2066 1089 2144 quauta
1125 2061 1262 2128 varietas
1301 2084 1422 2140 rerum,

264 2185 360 2249 quam
399 2165 513 2230 incerti
546 2164 667 2244 exitus,
705 2188 800 2250 quam
834 2165 989 2234 flexibiles
1025 2166 1188 2233 hominnm
1228 2168 1424 2248 voluntates,

265 2271 339 2355 quid
374 2271 582 2351 insidiarum,
622 2271 698 2356 quid
730 2272 881 2336 vanitatis
911 2273 944 2338 in
979 2274 1065 2352 vita,
1103 2295 1165 2338 nou
1197 2272 1309 2337 dubito
1342 2273 1424 2356 quin

263 2377 383 2460 cogites
400 2375 420 2440 ¹.
467 2375 586 2442 Verum
610 2382 669 2455 est,
702 2377 853 2463 inquam,
888 2379 971 2462 quod
1004 2379 1116 2444 scribit
1148 2378 1258 2442 beatus
1291 2376 1425 2442 Jeroni-

265 2503 353 2557 mus,
377 2481 460 2566 qnod
485 2480 617 2548 affectus
640 2488 672 2546 et
694 2483 963 2566 perturbationes,
989 2484 1140 2568 quamdin
1163 2484 1197 2548 in
1215 2483 1425 2548 tabernaculo

264 2587 405 2670 corporis
430 2585 524 2650 huius
548 2585 727 2654 habitamus
742 2595 775 2654 et
797 2588 908 2673 fragili
932 2611 1025 2656 carne
1047 2590 1288 2664 circumdamur,
1311 2589 1424 2652 mode-

265 2714 334 2756 rare
358 2697 389 2754 et
405 2711 514 2773 regere
531 2713 706 2775 possumus,
729 2699 894 2777 amputare
910 2717 971 2760 nou
989 2715 1165 2778 possumus.
1213 2693 1423 2776 Quapropter

265 2819 301 2860 ea
324 2818 406 2880 equo
427 2833 468 2842 -
485 2801 521 2860 ut
536 2797 654 2862 Seneca
676 2797 716 2862 ad
732 2796 864 2864 Paulum
889 2800 995 2884 inquit
1018 2836 1072 2877 -,
1095 2799 1233 2864 feramus
1254 2799 1362 2863 animo
1386 2805 1423 2862 et

264 2908 392 2966 utamur
424 2901 503 2979 foro,
539 2902 622 2986 quod
647 2923 714 2968 sors
736 2905 908 2983 concessit,
935 2905 1034 2970 donec
1064 2905 1140 2972 ficta
1162 2902 1300 2968 felicitas
1322 2902 1426 2968 linem

264 3007 355 3072 malis
379 3008 531 3091 imponat.
577 3006 668 3072 Tulit
691 3013 722 3072 et
746 3010 847 3075 multo
877 3010 998 3076 maiora
1025 3032 1062 3078 ac
1084 3010 1313 3095 periculosiora
1334 3009 1425 3074 mala

265 3113 370 3196 prisca
393 3117 469 3193 etas,
494 3117 531 3178 ut
546 3111 748 3178 Macedonem
766 3113 910 3199 Philippi
933 3115 1034 3180 filium
1060 3123 1092 3182 et
1115 3119 1196 3199 post¹
1212 3113 1343 3180 Darium
1369 3135 1426 3178 re·

264 3217 363 3302 gein²
391 3224 424 3284 et
455 3225 574 3284 ceteros
604 3220 726 3304 plures,
759 3227 794 3285 ut
825 3221 926 3288 claret
957 3227 1100 3288 veterum
1134 3221 1283 3286 historias
1310 3219 1425 3302 perlu-

265 3326 453 3390 strantibus.
920 3389 921 3396 ,
1241 3387 1259 3418 ·.

351 3430 454 3506 Quare
487 3437 519 3494 te
542 3430 674 3509 hortor,
708 3432 935 3498 humanissime
959 3437 1087 3516 pretor,
1112 3437 1149 3496 ut
1173 3430 1427 3514 rempublicam

266 3536 326 3599 tibi
351 3536 569 3615 commissam,
593 3537 640 3600 uti
663 3537 786 3620 cepisti,
810 3537 1014 3602 laudabiliter
1035 3539 1192 3622 gubernes
1221 3541 1254 3601 et
1277 3557 1343 3600 eam
1369 3539 1431 3600 tua

265 3640 406 3706 moderat
436 3641 614 3724 prudentia.
659 3641 731 3708 Scio
758 3664 895 3728 namque
928 3647 961 3708 te
992 3643 1095 3708 virum
1127 3641 1425 3725 prudentissimum,

265 3747 320 3830 qui
344 3746 457 3810 nedum
491 3767 602 3810 cursus
633 3766 739 3811 rerum
762 3747 815 3812 sed
837 3753 870 3812 et
894 3748 949 3831 qui
973 3747 1076 3813 exitus
1101 3744 1229 3811 iuturus
1251 3747 1314 3822 sit,
1347 3765 1425 3828 pro-

265 3851 386 3934 spicere
410 3851 553 3935 [potestt
601 3850 667 3915 Nec
691 3857 722 3916 ts
745 3857 891 3917 avertunt
906 3852 1042 3918 aliorum
1063 3851 1205 3930 consilia,
1230 3873 1426 3936 quamquam

265 3955 438 4038 plurimum
455 3956 559 4021 valere
583 3961 615 4020 et
631 3957 774 4022 conterre
798 3955 1006 4023 dinoscuntur
1022 3959 1061 4022 ad
1078 3957 1255 4042 agendum
1281 3956 1359 4041 quid
1382 3955 1426 4019 li·

264 4066 334 4126 ceat
358 4067 414 4126 aut
439 4063 584 4145 expediat
616 4085 673 4147 per
705 4063 865 4145 seipsum
900 4083 1089 4147 cognoscere
1121 4060 1301 4146 preclarum
1327 4067 1427 4145 atque

265 4169 428 4252 egregium
452 4167 562 4232 haberi
584 4167 665 4231 solet
688 4187 785 4250 snpra
816 4186 1014 4232 communem
1039 4167 1202 4232 hominum
1228 4163 1427 4240 fucultatem.

337 4343 349 4394 l
371 4341 437 4394 Hier
449 4340 523 4408 iolgt
543 4339 592 4393 tier
605 4341 713 4408 anfang
734 4339 784 4393 der
807 4284 889 4394 sciron
904 4341 974 4396 oben
995 4340 1167 4410 gebrachten
1186 4339 1283 4393 stelle:
1311 4339 1425 4393 Oinvi·

265 4431 381 4486 dissime
406 4445 499 4482 rerum
535 4427 721 4481 humanarum
750 4429 864 4482 fortuna
888 4427 1149 4498 imperantibusque
1179 4425 1425 4496 perhorrescenda.

268 4534 329 4573 cum
353 4521 396 4572 tot
413 4515 567 4584 nepharios
586 4517 617 4568 ut
638 4519 729 4568 antes.
770 4515 840 4569 Vide
859 4514 906 4570 ibi.
979 4517 1051 4569 ‘an
1073 4515 1206 4572 videmus.
