<?xml version="1.0" encoding="UTF-8"?>
<!DOCTYPE html PUBLIC "-//W3C//DTD XHTML 1.0 Transitional//EN"
    "http://www.w3.org/TR/xhtml1/DTD/xhtml1-transitional.dtd">
<html xmlns="http://www.w3.org/1999/xhtml" xml:lang="en" lang="en">
 <head>
  <title>
</title>
<meta http-equiv="Content-Type" content="text/html;charset=utf-8" />
  <meta name='ocr-system' content='tesseract 3.04.00' />
  <meta name='ocr-capabilities' content='ocr_page ocr_carea ocr_par ocr_line ocrx_word'/>
</head>
<body>
  <div class='ocr_page' id='page_1' title='image "./hermannschedels00schegoog_0054.png"; bbox 0 0 3002 5070; ppageno 0'>
   <div class='ocr_carea' id='block_1_1' title="bbox 781 393 823 456">
    <p class='ocr_par' dir='ltr' id='par_1_1' title="bbox 781 393 823 456">
     <span class='ocr_line' id='line_1_1' title="bbox 781 393 823 456; baseline 0 0"><span class='ocrx_word' id='word_1_1' title='bbox 781 393 823 456; x_wconf 87' lang='lat'>38</span> 
     </span>
    </p>
   </div>
   <div class='ocr_carea' id='block_1_2' title="bbox 228 563 1386 866">
    <p class='ocr_par' dir='ltr' id='par_1_2' title="bbox 228 563 1386 866">
     <span class='ocr_line' id='line_1_2' title="bbox 229 563 1386 652; baseline -0.01 -16"><span class='ocrx_word' id='word_1_2' title='bbox 229 593 341 636; x_wconf 82' lang='lat' dir='ltr'>novom</span> <span class='ocrx_word' id='word_1_3' title='bbox 368 568 558 634; x_wconf 76' lang='lat' dir='ltr'><strong>rethoricam</strong></span> <span class='ocrx_word' id='word_1_4' title='bbox 584 572 680 652; x_wconf 86' lang='lat' dir='ltr'>atque</span> <span class='ocrx_word' id='word_1_5' title='bbox 701 563 875 631; x_wconf 74' lang='lat' dir='ltr'>Salustium</span> <span class='ocrx_word' id='word_1_6' title='bbox 909 567 1013 646; x_wconf 89' lang='lat' dir='ltr'>audio,</span> <span class='ocrx_word' id='word_1_7' title='bbox 1036 566 1228 650; x_wconf 76' lang='lat' dir='ltr'><strong>audiamque</strong></span> <span class='ocrx_word' id='word_1_8' title='bbox 1250 563 1386 646; x_wconf 83' lang='lat' dir='ltr'>insuper</span> 
     </span>
     <span class='ocr_line' id='line_1_3' title="bbox 228 667 1358 758; baseline -0.007 -18"><span class='ocrx_word' id='word_1_9' title='bbox 228 675 293 741; x_wconf 84' lang='lat' dir='ltr'>alia</span> <span class='ocrx_word' id='word_1_10' title='bbox 314 680 413 758; x_wconf 90' lang='lat' dir='ltr'>etque</span> <span class='ocrx_word' id='word_1_11' title='bbox 435 672 507 738; x_wconf 85' lang='lat' dir='ltr'>alia.</span> <span class='ocrx_word' id='word_1_12' title='bbox 555 672 624 739; x_wconf 88' lang='lat' dir='ltr'>Scis</span> <span class='ocrx_word' id='word_1_13' title='bbox 646 674 731 757; x_wconf 92' lang='lat' dir='ltr'>quod</span> <span class='ocrx_word' id='word_1_14' title='bbox 754 673 833 739; x_wconf 90' lang='lat' dir='ltr'>dico.</span> <span class='ocrx_word' id='word_1_15' title='bbox 881 671 999 738; x_wconf 89' lang='lat' dir='ltr'>Datum</span> <span class='ocrx_word' id='word_1_16' title='bbox 1016 671 1123 738; x_wconf 88' lang='lat' dir='ltr'>Pedue</span> <span class='ocrx_word' id='word_1_17' title='bbox 1138 677 1198 736; x_wconf 90' lang='lat' dir='ltr'>etc.</span> <span class='ocrx_word' id='word_1_18' title='bbox 1217 667 1358 734; x_wconf 80' lang='lat' dir='ltr'>Lvllr.</span> 
     </span>
     <span class='ocr_line' id='line_1_4' title="bbox 316 777 854 866; baseline -0.004 -23"><span class='ocrx_word' id='word_1_19' title='bbox 316 778 545 866; x_wconf 88' lang='lat' dir='ltr'>Wilh[elrnus]</span> <span class='ocrx_word' id='word_1_20' title='bbox 571 781 608 846; x_wconf 88' lang='lat' dir='ltr'>de</span> <span class='ocrx_word' id='word_1_21' title='bbox 633 777 854 866; x_wconf 89' lang='lat' dir='ltr'>Reich[eoau].</span> 
     </span>
    </p>
   </div>
   <div class='ocr_carea' id='block_1_3' title="bbox 777 1129 834 1200">
    <p class='ocr_par' dir='ltr' id='par_1_3' title="bbox 777 1129 834 1200">
     <span class='ocr_line' id='line_1_5' title="bbox 777 1129 834 1200; baseline 0 0"><span class='ocrx_word' id='word_1_22' title='bbox 777 1129 834 1200; x_wconf 84' lang='lat' dir='ltr'>lb.</span> 
     </span>
    </p>
   </div>
   <div class='ocr_carea' id='block_1_4' title="bbox 230 1267 1387 1488">
    <p class='ocr_par' dir='ltr' id='par_1_4' title="bbox 230 1267 1387 1488">
     <span class='ocr_line' id='line_1_6' title="bbox 230 1267 1387 1368; baseline -0.007 -22"><span class='ocrx_word' id='word_1_23' title='bbox 230 1273 423 1348; x_wconf 80' lang='lat' dir='ltr'>Hermann</span> <span class='ocrx_word' id='word_1_24' title='bbox 456 1271 611 1344; x_wconf 76' lang='lat' dir='ltr'>Schedel</span> <span class='ocrx_word' id='word_1_25' title='bbox 644 1295 693 1344; x_wconf 89' lang='lat' dir='ltr'>an</span> <span class='ocrx_word' id='word_1_26' title='bbox 722 1267 889 1368; x_wconf 83' lang='lat' dir='ltr'>[Jonann</span> <span class='ocrx_word' id='word_1_27' title='bbox 917 1293 952 1341; x_wconf 90' lang='lat' dir='ltr'>v.</span> <span class='ocrx_word' id='word_1_28' title='bbox 981 1269 1125 1365; x_wconf 66' lang='lat' dir='ltr'>uicum.</span> <span class='ocrx_word' id='word_1_29' title='bbox 1166 1267 1387 1361; x_wconf 78' lang='lat' dir='ltr'>&#39;Angsbnrg</span> 
     </span>
     <span class='ocr_line' id='line_1_7' title="bbox 617 1391 999 1488; baseline -0.003 -23"><span class='ocrx_word' id='word_1_30' title='bbox 617 1393 714 1466; x_wconf 77' lang='lat'>1458</span> <span class='ocrx_word' id='word_1_31' title='bbox 749 1391 958 1488; x_wconf 79' lang='lat' dir='ltr'><strong>september</strong></span> <span class='ocrx_word' id='word_1_32' title='bbox 977 1393 999 1464; x_wconf 92' lang='lat'>¹.</span> 
     </span>
    </p>
   </div>
   <div class='ocr_carea' id='block_1_5' title="bbox 546 1541 1069 1612">
    <p class='ocr_par' dir='ltr' id='par_1_5' title="bbox 546 1541 1069 1612">
     <span class='ocr_line' id='line_1_8' title="bbox 546 1541 1069 1612; baseline -0.004 -12"><span class='ocrx_word' id='word_1_33' title='bbox 546 1545 609 1600; x_wconf 88' lang='lat' dir='ltr'>clm.</span> <span class='ocrx_word' id='word_1_34' title='bbox 628 1544 681 1599; x_wconf 73' lang='lat'>224</span> <span class='ocrx_word' id='word_1_35' title='bbox 692 1544 711 1598; x_wconf 82' lang='lat' dir='ltr'>s.</span> <span class='ocrx_word' id='word_1_36' title='bbox 730 1545 764 1599; x_wconf 76' lang='grc'>76</span> <span class='ocrx_word' id='word_1_37' title='bbox 782 1541 901 1612; x_wconf 82' lang='lat' dir='ltr'>einlage.</span> <span class='ocrx_word' id='word_1_38' title='bbox 938 1543 1069 1612; x_wconf 78' lang='lat' dir='ltr'>concept.</span> 
     </span>
    </p>
   </div>
   <div class='ocr_carea' id='block_1_6' title="bbox 232 1691 1388 1989">
    <p class='ocr_par' dir='ltr' id='par_1_6' title="bbox 232 1691 1388 1989">
     <span class='ocr_line' id='line_1_9' title="bbox 232 1691 1387 1784; baseline -0.009 -18"><span class='ocrx_word' id='word_1_39' title='bbox 232 1698 508 1784; x_wconf 81' lang='lat' dir='ltr'>Empfehlung</span> <span class='ocrx_word' id='word_1_40' title='bbox 541 1717 585 1761; x_wconf 90' lang='lat' dir='ltr'>an</span> <span class='ocrx_word' id='word_1_41' title='bbox 617 1697 687 1761; x_wconf 88' lang='lat' dir='ltr'>den</span> <span class='ocrx_word' id='word_1_42' title='bbox 722 1695 968 1760; x_wconf 87' lang='lat' dir='ltr'>adressaten.</span> <span class='ocrx_word' id='word_1_43' title='bbox 1031 1691 1146 1758; x_wconf 86' lang='lat' dir='ltr'>Bitte</span> <span class='ocrx_word' id='word_1_44' title='bbox 1178 1715 1238 1758; x_wconf 92' lang='lat' dir='ltr'>um</span> <span class='ocrx_word' id='word_1_45' title='bbox 1268 1693 1387 1758; x_wconf 89' lang='lat' dir='ltr'>nach·</span> 
     </span>
     <span class='ocr_line' id='line_1_10' title="bbox 233 1796 1388 1888; baseline -0.007 -20"><span class='ocrx_word' id='word_1_46' title='bbox 233 1803 390 1870; x_wconf 88' lang='lat' dir='ltr'>richten</span> <span class='ocrx_word' id='word_1_47' title='bbox 415 1824 496 1868; x_wconf 93' lang='lat' dir='ltr'>vom</span> <span class='ocrx_word' id='word_1_48' title='bbox 514 1800 781 1888; x_wconf 82' lang='lat' dir='ltr'>Nilrnberger</span> <span class='ocrx_word' id='word_1_49' title='bbox 810 1805 913 1885; x_wconf 83' lang='lat' dir='ltr'>tage.</span> <span class='ocrx_word' id='word_1_50' title='bbox 960 1797 1074 1864; x_wconf 90' lang='lat' dir='ltr'>Wohl</span> <span class='ocrx_word' id='word_1_51' title='bbox 1096 1797 1205 1863; x_wconf 82' lang='lat' dir='ltr'>Euea</span> <span class='ocrx_word' id='word_1_52' title='bbox 1227 1796 1388 1863; x_wconf 84' lang='lat' dir='ltr'>Silvios</span> 
     </span>
     <span class='ocr_line' id='line_1_11' title="bbox 672 1910 935 1989; baseline 0 -20"><span class='ocrx_word' id='word_1_53' title='bbox 672 1927 757 1969; x_wconf 83' lang='lat' dir='ltr'>zum</span> <span class='ocrx_word' id='word_1_54' title='bbox 780 1910 935 1989; x_wconf 86' lang='lat' dir='ltr'>papate.</span> 
     </span>
    </p>
   </div>
   <div class='ocr_carea' id='block_1_7' title="bbox 233 2041 1386 2233">
    <p class='ocr_par' dir='ltr' id='par_1_7' title="bbox 233 2041 1386 2233">
     <span class='ocr_line' id='line_1_12' title="bbox 322 2041 1386 2129; baseline -0.004 -19"><span class='ocrx_word' id='word_1_55' title='bbox 322 2095 416 2112; x_wconf 91' lang='grc'><strong>.....</strong></span> <span class='ocrx_word' id='word_1_56' title='bbox 433 2043 705 2110; x_wconf 85' lang='lat' dir='ltr'>Reverendissime</span> <span class='ocrx_word' id='word_1_57' title='bbox 720 2047 812 2128; x_wconf 86' lang='lat' dir='ltr'>pater</span> <span class='ocrx_word' id='word_1_58' title='bbox 827 2048 860 2110; x_wconf 89' lang='lat' dir='ltr'>et</span> <span class='ocrx_word' id='word_1_59' title='bbox 875 2043 1001 2108; x_wconf 89' lang='lat' dir='ltr'>domine</span> <span class='ocrx_word' id='word_1_60' title='bbox 1010 2063 1171 2129; x_wconf 82' lang='lat' dir='ltr'><strong>generose.</strong></span> <span class='ocrx_word' id='word_1_61' title='bbox 1207 2041 1305 2108; x_wconf 89' lang='lat' dir='ltr'>Venit</span> <span class='ocrx_word' id='word_1_62' title='bbox 1320 2041 1386 2127; x_wconf 87' lang='lat' dir='ltr'>hijs</span> 
     </span>
     <span class='ocr_line' id='line_1_13' title="bbox 233 2146 1384 2233; baseline -0.006 -15"><span class='ocrx_word' id='word_1_63' title='bbox 233 2153 342 2218; x_wconf 88' lang='lat' dir='ltr'>diebus</span> <span class='ocrx_word' id='word_1_64' title='bbox 365 2153 404 2217; x_wconf 90' lang='lat' dir='ltr'>ad</span> <span class='ocrx_word' id='word_1_65' title='bbox 428 2172 477 2216; x_wconf 90' lang='lat' dir='ltr'>me</span> <span class='ocrx_word' id='word_1_66' title='bbox 492 2151 636 2216; x_wconf 91' lang='lat' dir='ltr'>dominus</span> <span class='ocrx_word' id='word_1_67' title='bbox 652 2146 718 2214; x_wconf 80' lang='lat' dir='ltr'>H.²</span> <span class='ocrx_word' id='word_1_68' title='bbox 740 2149 978 2233; x_wconf 70' lang='lat' dir='ltr'>protonotarius</span> <span class='ocrx_word' id='word_1_69' title='bbox 1001 2149 1140 2215; x_wconf 85' lang='lat' dir='ltr'>civitatis</span> <span class='ocrx_word' id='word_1_70' title='bbox 1155 2147 1384 2233; x_wconf 69' lang='lat' dir='ltr'>augustensis,</span> 
     </span>
    </p>
   </div>
   <div class='ocr_carea' id='block_1_8' title="bbox 234 2254 1500 2342">
    <p class='ocr_par' dir='ltr' id='par_1_8' title="bbox 234 2254 1500 2342">
     <span class='ocr_line' id='line_1_14' title="bbox 234 2254 1500 2342; baseline -0.002 -20"><span class='ocrx_word' id='word_1_71' title='bbox 234 2257 431 2342; x_wconf 90' lang='lat' dir='ltr'>abantiquo</span> <span class='ocrx_word' id='word_1_72' title='bbox 455 2278 487 2341; x_wconf 93' lang='lat' dir='ltr'>p.</span> <span class='ocrx_word' id='word_1_73' title='bbox 513 2279 542 2321; x_wconf 94' lang='lat' dir='ltr'>v.</span> <span class='ocrx_word' id='word_1_74' title='bbox 566 2260 671 2337; x_wconf 89' lang='lat' dir='ltr'>notus,</span> <span class='ocrx_word' id='word_1_75' title='bbox 696 2255 833 2320; x_wconf 85' lang='lat' dir='ltr'>referens</span> <span class='ocrx_word' id='word_1_76' title='bbox 856 2254 985 2320; x_wconf 87' lang='lat' dir='ltr'>honoris</span> <span class='ocrx_word' id='word_1_77' title='bbox 1008 2255 1068 2320; x_wconf 88' lang='lat' dir='ltr'>mei</span> <span class='ocrx_word' id='word_1_78' title='bbox 1093 2254 1250 2318; x_wconf 80' lang='lat' dir='ltr'>racionem</span> <span class='ocrx_word' id='word_1_79' title='bbox 1275 2276 1312 2318; x_wconf 93' lang='lat' dir='ltr'>ac</span> <span class='ocrx_word' id='word_1_80' title='bbox 1336 2276 1387 2320; x_wconf 90' lang='lat' dir='ltr'>re·</span> <span class='ocrx_word' id='word_1_81' title='bbox 1499 2274 1500 2277; x_wconf 71' lang='grc'>’</span> 
     </span>
    </p>
   </div>
   <div class='ocr_carea' id='block_1_9' title="bbox 234 2359 1386 2446">
    <p class='ocr_par' dir='ltr' id='par_1_9' title="bbox 234 2359 1386 2446">
     <span class='ocr_line' id='line_1_15' title="bbox 234 2359 1386 2446; baseline -0.005 -17"><span class='ocrx_word' id='word_1_82' title='bbox 234 2363 542 2430; x_wconf 80' lang='lat' dir='ltr'>commendacionem</span> <span class='ocrx_word' id='word_1_83' title='bbox 564 2381 641 2446; x_wconf 79' lang='lat' dir='ltr'>erga</span> <span class='ocrx_word' id='word_1_84' title='bbox 657 2382 688 2444; x_wconf 89' lang='lat' dir='ltr'>p.</span> <span class='ocrx_word' id='word_1_85' title='bbox 703 2383 731 2426; x_wconf 86' lang='lat' dir='ltr'>v.</span> <span class='ocrx_word' id='word_1_86' title='bbox 755 2360 911 2426; x_wconf 87' lang='lat' dir='ltr'>habuisse.</span> <span class='ocrx_word' id='word_1_87' title='bbox 961 2359 1116 2424; x_wconf 78' lang='lat' dir='ltr'>Adiunxit</span> <span class='ocrx_word' id='word_1_88' title='bbox 1138 2359 1275 2444; x_wconf 87' lang='lat' dir='ltr'>denique</span> <span class='ocrx_word' id='word_1_89' title='bbox 1298 2359 1386 2424; x_wconf 89' lang='lat' dir='ltr'>salu-</span> 
     </span>
    </p>
   </div>
   <div class='ocr_carea' id='block_1_10' title="bbox 235 2462 1500 2972">
    <p class='ocr_par' dir='ltr' id='par_1_10' title="bbox 235 2462 1500 2972">
     <span class='ocr_line' id='line_1_16' title="bbox 235 2462 1500 2552; baseline -0.003 -19"><span class='ocrx_word' id='word_1_90' title='bbox 235 2467 374 2534; x_wconf 87' lang='lat' dir='ltr'>taciones</span> <span class='ocrx_word' id='word_1_91' title='bbox 396 2466 565 2552; x_wconf 73' lang='lat' dir='ltr'>grenones,</span> <span class='ocrx_word' id='word_1_92' title='bbox 589 2465 736 2549; x_wconf 81' lang='lat' dir='ltr'>equibus</span> <span class='ocrx_word' id='word_1_93' title='bbox 759 2465 964 2544; x_wconf 81' lang='lat' dir='ltr'>consideravi,</span> <span class='ocrx_word' id='word_1_94' title='bbox 987 2485 1051 2528; x_wconf 90' lang='lat' dir='ltr'>uon</span> <span class='ocrx_word' id='word_1_95' title='bbox 1066 2463 1125 2528; x_wconf 89' lang='lat' dir='ltr'>sub</span> <span class='ocrx_word' id='word_1_96' title='bbox 1140 2462 1313 2530; x_wconf 84' lang='lat' dir='ltr'>oblivionis</span> <span class='ocrx_word' id='word_1_97' title='bbox 1330 2487 1388 2529; x_wconf 90' lang='lat' dir='ltr'>ve·</span> <span class='ocrx_word' id='word_1_98' title='bbox 1499 2484 1500 2539; x_wconf 57' lang='lat'>3</span> 
     </span>
     <span class='ocr_line' id='line_1_17' title="bbox 237 2569 1500 2652; baseline -0.005 -13"><span class='ocrx_word' id='word_1_99' title='bbox 237 2574 355 2639; x_wconf 89' lang='lat' dir='ltr'>lemine</span> <span class='ocrx_word' id='word_1_100' title='bbox 378 2571 515 2639; x_wconf 78' lang='lat' dir='ltr'>detineri</span> <span class='ocrx_word' id='word_1_101' title='bbox 537 2569 787 2636; x_wconf 70' lang='lat' dir='ltr'>familiaritatem</span> <span class='ocrx_word' id='word_1_102' title='bbox 812 2569 888 2635; x_wconf 90' lang='lat' dir='ltr'>olim</span> <span class='ocrx_word' id='word_1_103' title='bbox 911 2576 1023 2636; x_wconf 91' lang='lat' dir='ltr'>mutuo</span> <span class='ocrx_word' id='word_1_104' title='bbox 1045 2571 1129 2634; x_wconf 88' lang='lat' dir='ltr'>inter</span> <span class='ocrx_word' id='word_1_105' title='bbox 1152 2570 1382 2652; x_wconf 86' lang='lat' dir='ltr'>paternitatem</span> <span class='ocrx_word' id='word_1_106' title='bbox 1499 2584 1500 2613; x_wconf 64' lang='lat'>³</span> 
     </span>
     <span class='ocr_line' id='line_1_18' title="bbox 236 2675 1499 2762; baseline 0 -18"><span class='ocrx_word' id='word_1_107' title='bbox 236 2685 373 2744; x_wconf 87' lang='lat' dir='ltr'>vestram</span> <span class='ocrx_word' id='word_1_108' title='bbox 397 2683 429 2742; x_wconf 90' lang='lat' dir='ltr'>et</span> <span class='ocrx_word' id='word_1_109' title='bbox 453 2699 503 2742; x_wconf 90' lang='lat' dir='ltr'>me</span> <span class='ocrx_word' id='word_1_110' title='bbox 526 2681 731 2755; x_wconf 87' lang='lat' dir='ltr'>contractam,</span> <span class='ocrx_word' id='word_1_111' title='bbox 755 2677 808 2741; x_wconf 91' lang='lat' dir='ltr'>sed</span> <span class='ocrx_word' id='word_1_112' title='bbox 824 2676 927 2762; x_wconf 81' lang='lat' dir='ltr'>magis</span> <span class='ocrx_word' id='word_1_113' title='bbox 949 2676 1135 2754; x_wconf 86' lang='lat' dir='ltr'>honitatem,</span> <span class='ocrx_word' id='word_1_114' title='bbox 1151 2675 1384 2760; x_wconf 84' lang='lat' dir='ltr'>iutegritatem,</span> <span class='ocrx_word' id='word_1_115' title='bbox 1498 2735 1499 2744; x_wconf 73' lang='grc'>,</span> 
     </span>
     <span class='ocr_line' id='line_1_19' title="bbox 235 2780 1499 2869; baseline 0.002 -21"><span class='ocrx_word' id='word_1_116' title='bbox 235 2785 398 2869; x_wconf 87' lang='lat' dir='ltr'>pietatem,</span> <span class='ocrx_word' id='word_1_117' title='bbox 413 2783 506 2849; x_wconf 89' lang='lat' dir='ltr'>fidem</span> <span class='ocrx_word' id='word_1_118' title='bbox 523 2785 556 2846; x_wconf 88' lang='lat' dir='ltr'>et</span> <span class='ocrx_word' id='word_1_119' title='bbox 571 2782 803 2847; x_wconf 87' lang='lat' dir='ltr'>humanitatem</span> <span class='ocrx_word' id='word_1_120' title='bbox 818 2803 849 2866; x_wconf 90' lang='lat' dir='ltr'>p.</span> <span class='ocrx_word' id='word_1_121' title='bbox 865 2804 894 2844; x_wconf 89' lang='lat' dir='ltr'>v.</span> <span class='ocrx_word' id='word_1_122' title='bbox 911 2803 988 2866; x_wconf 79' lang='lat' dir='ltr'>erga</span> <span class='ocrx_word' id='word_1_123' title='bbox 1002 2802 1053 2848; x_wconf 88' lang='lat' dir='ltr'>me</span> <span class='ocrx_word' id='word_1_124' title='bbox 1070 2780 1236 2846; x_wconf 86' lang='lat' dir='ltr'>minimum</span> <span class='ocrx_word' id='word_1_125' title='bbox 1252 2782 1387 2847; x_wconf 84' lang='lat' dir='ltr'>mirifice</span> <span class='ocrx_word' id='word_1_126' title='bbox 1498 2819 1499 2850; x_wconf 86' lang='grc'>;</span> 
     </span>
     <span class='ocr_line' id='line_1_20' title="bbox 236 2887 1500 2972; baseline -0.002 -18"><span class='ocrx_word' id='word_1_127' title='bbox 236 2887 519 2972; x_wconf 88' lang='lat' dir='ltr'>comprobare,non</span> <span class='ocrx_word' id='word_1_128' title='bbox 532 2891 570 2952; x_wconf 89' lang='lat' dir='ltr'>nt</span> <span class='ocrx_word' id='word_1_129' title='bbox 578 2888 717 2972; x_wconf 88' lang='lat' dir='ltr'>quidem,</span> <span class='ocrx_word' id='word_1_130' title='bbox 726 2889 799 2952; x_wconf 90' lang='lat' dir='ltr'>dum</span> <span class='ocrx_word' id='word_1_131' title='bbox 811 2908 969 2954; x_wconf 90' lang='lat' dir='ltr'>summum</span> <span class='ocrx_word' id='word_1_132' title='bbox 977 2888 1146 2953; x_wconf 88' lang='lat' dir='ltr'>escendere</span> <span class='ocrx_word' id='word_1_133' title='bbox 1154 2893 1389 2953; x_wconf 88' lang='lat' dir='ltr'>consueverunt</span> <span class='ocrx_word' id='word_1_134' title='bbox 1499 2888 1500 2891; x_wconf 70' lang='grc'>’</span> 
     </span>
    </p>
   </div>
   <div class='ocr_carea' id='block_1_11' title="bbox 237 2989 1394 4134">
    <p class='ocr_par' dir='ltr' id='par_1_11' title="bbox 237 2989 1392 4026">
     <span class='ocr_line' id='line_1_21' title="bbox 237 2989 1385 3077; baseline -0.003 -18"><span class='ocrx_word' id='word_1_135' title='bbox 237 2995 404 3071; x_wconf 90' lang='lat' dir='ltr'>honorem,</span> <span class='ocrx_word' id='word_1_136' title='bbox 434 2989 529 3057; x_wconf 86' lang='lat' dir='ltr'>facile</span> <span class='ocrx_word' id='word_1_137' title='bbox 552 3013 660 3058; x_wconf 87' lang='lat' dir='ltr'>eorum</span> <span class='ocrx_word' id='word_1_138' title='bbox 683 2993 838 3071; x_wconf 88' lang='lat' dir='ltr'>oblivisci,</span> <span class='ocrx_word' id='word_1_139' title='bbox 869 3014 1003 3077; x_wconf 91' lang='lat' dir='ltr'>quorum</span> <span class='ocrx_word' id='word_1_140' title='bbox 1030 3014 1127 3076; x_wconf 89' lang='lat' dir='ltr'>opera</span> <span class='ocrx_word' id='word_1_141' title='bbox 1150 3014 1212 3057; x_wconf 89' lang='lat' dir='ltr'>nou</span> <span class='ocrx_word' id='word_1_142' title='bbox 1238 2995 1385 3058; x_wconf 87' lang='lat' dir='ltr'>utuntur.</span> 
     </span>
     <span class='ocr_line' id='line_1_22' title="bbox 238 3095 1391 3183; baseline 0 -19"><span class='ocrx_word' id='word_1_143' title='bbox 238 3099 311 3166; x_wconf 86' lang='lat' dir='ltr'>Mox</span> <span class='ocrx_word' id='word_1_144' title='bbox 335 3099 417 3163; x_wconf 91' lang='lat' dir='ltr'>enim</span> <span class='ocrx_word' id='word_1_145' title='bbox 441 3103 478 3162; x_wconf 90' lang='lat' dir='ltr'>ut</span> <span class='ocrx_word' id='word_1_146' title='bbox 494 3097 713 3183; x_wconf 82' lang='lat' dir='ltr'>Nuremberge</span> <span class='ocrx_word' id='word_1_147' title='bbox 736 3120 766 3182; x_wconf 92' lang='lat' dir='ltr'>p.</span> <span class='ocrx_word' id='word_1_148' title='bbox 792 3121 821 3162; x_wconf 91' lang='lat' dir='ltr'>v.</span> <span class='ocrx_word' id='word_1_149' title='bbox 844 3119 911 3163; x_wconf 89' lang='lat' dir='ltr'>esse</span> <span class='ocrx_word' id='word_1_150' title='bbox 934 3095 1165 3180; x_wconf 82' lang='lat' dir='ltr'>intelligebam,</span> <span class='ocrx_word' id='word_1_151' title='bbox 1188 3119 1313 3164; x_wconf 88' lang='lat' dir='ltr'>summa</span> <span class='ocrx_word' id='word_1_152' title='bbox 1342 3104 1391 3164; x_wconf 82' lang='lat' dir='ltr'>te-</span> 
     </span>
     <span class='ocr_line' id='line_1_23' title="bbox 238 3202 1391 3289; baseline 0.003 -20"><span class='ocrx_word' id='word_1_153' title='bbox 238 3206 335 3270; x_wconf 87' lang='lat' dir='ltr'>nebar</span> <span class='ocrx_word' id='word_1_154' title='bbox 359 3204 523 3287; x_wconf 87' lang='lat' dir='ltr'>voluptate</span> <span class='ocrx_word' id='word_1_155' title='bbox 538 3202 561 3283; x_wconf 79' lang='lat'>³,</span> <span class='ocrx_word' id='word_1_156' title='bbox 586 3225 656 3268; x_wconf 91' lang='lat' dir='ltr'>cnm</span> <span class='ocrx_word' id='word_1_157' title='bbox 672 3204 761 3270; x_wconf 86' lang='lat' dir='ltr'>velut</span> <span class='ocrx_word' id='word_1_158' title='bbox 784 3205 930 3270; x_wconf 85' lang='lat' dir='ltr'>renovari</span> <span class='ocrx_word' id='word_1_159' title='bbox 946 3204 1083 3289; x_wconf 85' lang='lat' dir='ltr'>gratiam</span> <span class='ocrx_word' id='word_1_160' title='bbox 1101 3208 1238 3269; x_wconf 86' lang='lat' dir='ltr'>vestram</span> <span class='ocrx_word' id='word_1_161' title='bbox 1255 3210 1288 3270; x_wconf 91' lang='lat' dir='ltr'>et</span> <span class='ocrx_word' id='word_1_162' title='bbox 1304 3211 1391 3272; x_wconf 87' lang='lat' dir='ltr'>tam·</span> 
     </span>
     <span class='ocr_line' id='line_1_24' title="bbox 240 3310 1389 3395; baseline 0.002 -21"><span class='ocrx_word' id='word_1_163' title='bbox 240 3333 335 3395; x_wconf 88' lang='lat' dir='ltr'>quam</span> <span class='ocrx_word' id='word_1_164' title='bbox 360 3332 415 3394; x_wconf 92' lang='lat' dir='ltr'>per</span> <span class='ocrx_word' id='word_1_165' title='bbox 439 3310 496 3376; x_wconf 91' lang='lat' dir='ltr'>hec</span> <span class='ocrx_word' id='word_1_166' title='bbox 518 3332 591 3375; x_wconf 87' lang='lat' dir='ltr'>mee</span> <span class='ocrx_word' id='word_1_167' title='bbox 605 3311 725 3395; x_wconf 81' lang='lat' dir='ltr'>scripta</span> <span class='ocrx_word' id='word_1_168' title='bbox 741 3311 871 3376; x_wconf 87' lang='lat' dir='ltr'>eandem</span> <span class='ocrx_word' id='word_1_169' title='bbox 887 3310 1069 3376; x_wconf 86' lang='lat' dir='ltr'>confirmari</span> <span class='ocrx_word' id='word_1_170' title='bbox 1092 3311 1268 3393; x_wconf 87' lang='lat' dir='ltr'>sperabam.</span> <span class='ocrx_word' id='word_1_171' title='bbox 1309 3310 1389 3395; x_wconf 80' lang='lat' dir='ltr'>Spe·</span> 
     </span>
     <span class='ocr_line' id='line_1_25' title="bbox 241 3413 1389 3500; baseline 0.003 -22"><span class='ocrx_word' id='word_1_172' title='bbox 241 3436 314 3479; x_wconf 87' lang='lat' dir='ltr'>rans</span> <span class='ocrx_word' id='word_1_173' title='bbox 336 3415 526 3478; x_wconf 89' lang='lat' dir='ltr'>confidentia</span> <span class='ocrx_word' id='word_1_174' title='bbox 541 3415 695 3500; x_wconf 83' lang='lat' dir='ltr'>singulari</span> <span class='ocrx_word' id='word_1_175' title='bbox 706 3413 757 3500; x_wconf 69' lang='lat'>(⁴2),</span> <span class='ocrx_word' id='word_1_176' title='bbox 782 3418 827 3493; x_wconf 91' lang='lat' dir='ltr'>ut,</span> <span class='ocrx_word' id='word_1_177' title='bbox 851 3415 877 3479; x_wconf 91' lang='lat' dir='ltr'>si</span> <span class='ocrx_word' id='word_1_178' title='bbox 901 3414 1027 3498; x_wconf 90' lang='lat' dir='ltr'>quando</span> <span class='ocrx_word' id='word_1_179' title='bbox 1044 3415 1304 3482; x_wconf 86' lang='lat' dir='ltr'>commemoratio</span> <span class='ocrx_word' id='word_1_180' title='bbox 1329 3419 1389 3482; x_wconf 92' lang='lat' dir='ltr'>mei</span> 
     </span>
     <span class='ocr_line' id='line_1_26' title="bbox 238 3517 1392 3604; baseline 0.003 -20"><span class='ocrx_word' id='word_1_181' title='bbox 238 3525 318 3604; x_wconf 88' lang='lat' dir='ltr'>aput</span> <span class='ocrx_word' id='word_1_182' title='bbox 332 3541 363 3604; x_wconf 96' lang='lat' dir='ltr'>p.</span> <span class='ocrx_word' id='word_1_183' title='bbox 381 3541 408 3584; x_wconf 92' lang='lat' dir='ltr'>v.</span> <span class='ocrx_word' id='word_1_184' title='bbox 434 3523 490 3582; x_wconf 89' lang='lat' dir='ltr'>aut</span> <span class='ocrx_word' id='word_1_185' title='bbox 512 3523 590 3603; x_wconf 87' lang='lat' dir='ltr'>aput</span> <span class='ocrx_word' id='word_1_186' title='bbox 606 3517 856 3584; x_wconf 88' lang='lat' dir='ltr'>illustrissimum</span> <span class='ocrx_word' id='word_1_187' title='bbox 874 3519 1038 3584; x_wconf 89' lang='lat' dir='ltr'>domiuum</span> <span class='ocrx_word' id='word_1_188' title='bbox 1053 3541 1158 3586; x_wconf 89' lang='lat' dir='ltr'>meum</span> <span class='ocrx_word' id='word_1_189' title='bbox 1176 3521 1392 3588; x_wconf 89' lang='lat' dir='ltr'>marchionem</span> 
     </span>
     <span class='ocr_line' id='line_1_27' title="bbox 238 3624 1389 3710; baseline 0.003 -19"><span class='ocrx_word' id='word_1_190' title='bbox 238 3627 345 3705; x_wconf 86' lang='lat' dir='ltr'>luerit,</span> <span class='ocrx_word' id='word_1_191' title='bbox 371 3627 481 3690; x_wconf 89' lang='lat' dir='ltr'>bonam</span> <span class='ocrx_word' id='word_1_192' title='bbox 506 3625 750 3690; x_wconf 84' lang='lat' dir='ltr'>existimacionis</span> <span class='ocrx_word' id='word_1_193' title='bbox 774 3646 840 3690; x_wconf 88' lang='lat' dir='ltr'>mee</span> <span class='ocrx_word' id='word_1_194' title='bbox 859 3624 976 3690; x_wconf 86' lang='lat' dir='ltr'>famam</span> <span class='ocrx_word' id='word_1_195' title='bbox 1000 3627 1123 3710; x_wconf 89' lang='lat' dir='ltr'>optima</span> <span class='ocrx_word' id='word_1_196' title='bbox 1145 3631 1251 3692; x_wconf 87' lang='lat' dir='ltr'>vestra</span> <span class='ocrx_word' id='word_1_197' title='bbox 1277 3633 1389 3694; x_wconf 83' lang='lat' dir='ltr'>aucto·</span> 
     </span>
     <span class='ocr_line' id='line_1_28' title="bbox 239 3730 1390 3818; baseline 0.003 -23"><span class='ocrx_word' id='word_1_198' title='bbox 239 3732 336 3796; x_wconf 84' lang='lat' dir='ltr'>ritate</span> <span class='ocrx_word' id='word_1_199' title='bbox 358 3730 524 3796; x_wconf 88' lang='lat' dir='ltr'>observare</span> <span class='ocrx_word' id='word_1_200' title='bbox 544 3730 652 3795; x_wconf 86' lang='lat' dir='ltr'>velitis</span> <span class='ocrx_word' id='word_1_201' title='bbox 677 3730 854 3796; x_wconf 88' lang='lat' dir='ltr'>humillime</span> <span class='ocrx_word' id='word_1_202' title='bbox 878 3754 974 3817; x_wconf 83' lang='lat' dir='ltr'>rogo,</span> <span class='ocrx_word' id='word_1_203' title='bbox 1006 3731 1090 3818; x_wconf 90' lang='lat' dir='ltr'>qnod</span> <span class='ocrx_word' id='word_1_204' title='bbox 1115 3733 1225 3817; x_wconf 91' lang='lat' dir='ltr'>utique</span> <span class='ocrx_word' id='word_1_205' title='bbox 1247 3755 1286 3798; x_wconf 84' lang='lat' dir='ltr'>ex</span> <span class='ocrx_word' id='word_1_206' title='bbox 1311 3756 1390 3818; x_wconf 88' lang='lat' dir='ltr'>qna·</span> 
     </span>
     <span class='ocr_line' id='line_1_29' title="bbox 239 3836 1387 3924; baseline 0.004 -24"><span class='ocrx_word' id='word_1_207' title='bbox 239 3837 309 3902; x_wconf 83' lang='lat' dir='ltr'>dom</span> <span class='ocrx_word' id='word_1_208' title='bbox 333 3836 444 3900; x_wconf 89' lang='lat' dir='ltr'>innata</span> <span class='ocrx_word' id='word_1_209' title='bbox 465 3837 584 3920; x_wconf 87' lang='lat' dir='ltr'>pietate</span> <span class='ocrx_word' id='word_1_210' title='bbox 606 3859 731 3920; x_wconf 89' lang='lat' dir='ltr'>semper</span> <span class='ocrx_word' id='word_1_211' title='bbox 753 3836 857 3902; x_wconf 86' lang='lat' dir='ltr'>facere</span> <span class='ocrx_word' id='word_1_212' title='bbox 874 3838 1040 3903; x_wconf 85' lang='lat' dir='ltr'>retroactis</span> <span class='ocrx_word' id='word_1_213' title='bbox 1058 3839 1256 3922; x_wconf 88' lang='lat' dir='ltr'>temporibus</span> <span class='ocrx_word' id='word_1_214' title='bbox 1273 3839 1387 3924; x_wconf 91' lang='lat' dir='ltr'>[circa]</span> 
     </span>
     <span class='ocr_line' id='line_1_30' title="bbox 239 3942 1179 4026; baseline -0.002 -18"><span class='ocrx_word' id='word_1_215' title='bbox 239 3965 284 4022; x_wconf 88' lang='lat' dir='ltr'>ea,</span> <span class='ocrx_word' id='word_1_216' title='bbox 309 3964 369 4026; x_wconf 86' lang='lat' dir='ltr'>qne</span> <span class='ocrx_word' id='word_1_217' title='bbox 393 3942 545 4008; x_wconf 89' lang='lat' dir='ltr'>honorem</span> <span class='ocrx_word' id='word_1_218' title='bbox 568 3964 673 4008; x_wconf 88' lang='lat' dir='ltr'>meum</span> <span class='ocrx_word' id='word_1_219' title='bbox 697 3942 941 4020; x_wconf 77' lang='lat' dir='ltr'>commeabant,</span> <span class='ocrx_word' id='word_1_220' title='bbox 964 3943 1179 4008; x_wconf 85' lang='lat' dir='ltr'>consuevistis.</span> 
     </span>
    </p>

    <p class='ocr_par' dir='ltr' id='par_1_12' title="bbox 328 4044 1394 4134">
     <span class='ocr_line' id='line_1_31' title="bbox 392 4044 1394 4134; baseline 0.001 -20.94"><span class='ocrx_word' id='word_1_221' title='bbox 328 4096 397 4113; x_wconf 92' lang='lat'><strong>....</strong></span> <span class='ocrx_word' id='word_1_222' title='bbox 423 4045 461 4111; x_wconf 92' lang='lat' dir='ltr'>D.</span> <span class='ocrx_word' id='word_1_223' title='bbox 476 4044 646 4134; x_wconf 84' lang='lat' dir='ltr'>Jo[annes]</span> <span class='ocrx_word' id='word_1_224' title='bbox 665 4045 825 4114; x_wconf 84' lang='lat' dir='ltr'>Kautzsch</span> <span class='ocrx_word' id='word_1_225' title='bbox 849 4054 881 4115; x_wconf 90' lang='lat' dir='ltr'>et</span> <span class='ocrx_word' id='word_1_226' title='bbox 897 4047 1079 4114; x_wconf 84' lang='lat' dir='ltr'>Leonardus</span> <span class='ocrx_word' id='word_1_227' title='bbox 1103 4048 1222 4128; x_wconf 88' lang='lat' dir='ltr'>Gessel,</span> <span class='ocrx_word' id='word_1_228' title='bbox 1246 4049 1278 4113; x_wconf 90' lang='lat' dir='ltr'>in</span> <span class='ocrx_word' id='word_1_229' title='bbox 1296 4049 1394 4133; x_wconf 90' lang='lat' dir='ltr'>spiri-</span> 
     </span>
    </p>
   </div>
   <div class='ocr_carea' id='block_1_12' title="bbox 807 4187 823 4224">
    <p class='ocr_par' dir='ltr' id='par_1_13' title="bbox 807 4187 823 4224">
     <span class='ocr_line' id='line_1_32' title="bbox 807 4187 823 4224; baseline 0 0"><span class='ocrx_word' id='word_1_230' title='bbox 807 4187 823 4224; x_wconf 72' lang='lat' dir='ltr'>l&lt;</span> 
     </span>
    </p>
   </div>
   <div class='ocr_carea' id='block_1_13' title="bbox 241 4281 1393 4534">
    <p class='ocr_par' dir='ltr' id='par_1_14' title="bbox 241 4281 1393 4534">
     <span class='ocr_line' id='line_1_33' title="bbox 316 4281 1393 4363; baseline -0.001 -16"><span class='ocrx_word' id='word_1_231' title='bbox 316 4293 328 4346; x_wconf 97' lang='lat' dir='ltr'>l</span> <span class='ocrx_word' id='word_1_232' title='bbox 351 4289 491 4360; x_wconf 79' lang='lat' dir='ltr'>Datiruog</span> <span class='ocrx_word' id='word_1_233' title='bbox 509 4291 582 4344; x_wconf 88' lang='lat' dir='ltr'>nach</span> <span class='ocrx_word' id='word_1_234' title='bbox 602 4290 650 4344; x_wconf 87' lang='lat' dir='ltr'>der</span> <span class='ocrx_word' id='word_1_235' title='bbox 670 4289 816 4348; x_wconf 85' lang='lat' dir='ltr'>nechricht</span> <span class='ocrx_word' id='word_1_236' title='bbox 835 4308 889 4346; x_wconf 91' lang='lat' dir='ltr'>von</span> <span class='ocrx_word' id='word_1_237' title='bbox 908 4291 957 4346; x_wconf 89' lang='lat' dir='ltr'>der</span> <span class='ocrx_word' id='word_1_238' title='bbox 980 4291 1139 4363; x_wconf 81' lang='lat' dir='ltr'>papstvvehl</span> <span class='ocrx_word' id='word_1_239' title='bbox 1158 4291 1231 4346; x_wconf 83' lang='lat' dir='ltr'>Pins&#39;</span> <span class='ocrx_word' id='word_1_240' title='bbox 1253 4293 1286 4348; x_wconf 89' lang='lat'>11.</span> <span class='ocrx_word' id='word_1_241' title='bbox 1320 4281 1393 4348; x_wconf 79' lang='lat' dir='ltr'>liber</span> 
     </span>
     <span class='ocr_line' id='line_1_34' title="bbox 241 4375 1392 4450; baseline 0.003 -18"><span class='ocrx_word' id='word_1_242' title='bbox 241 4377 295 4434; x_wconf 88' lang='lat' dir='ltr'>den</span> <span class='ocrx_word' id='word_1_243' title='bbox 314 4381 365 4447; x_wconf 80' lang='lat' dir='ltr'>teg</span> <span class='ocrx_word' id='word_1_244' title='bbox 385 4395 418 4432; x_wconf 84' lang='lat' dir='ltr'>au</span> <span class='ocrx_word' id='word_1_245' title='bbox 436 4375 587 4448; x_wconf 84' lang='lat' dir='ltr'>Ndrnberg</span> <span class='ocrx_word' id='word_1_246' title='bbox 606 4395 628 4432; x_wconf 86' lang='lat' dir='ltr'>s.</span> <span class='ocrx_word' id='word_1_247' title='bbox 654 4377 827 4444; x_wconf 83' lang='lat' dir='ltr'>liluckhohn,</span> <span class='ocrx_word' id='word_1_248' title='bbox 849 4377 968 4450; x_wconf 81' lang='lat' dir='ltr'>Ludwig</span> <span class='ocrx_word' id='word_1_249' title='bbox 985 4380 1012 4436; x_wconf 96' lang='lat' dir='ltr'>d.</span> <span class='ocrx_word' id='word_1_250' title='bbox 1030 4377 1132 4436; x_wconf 85' lang='lat' dir='ltr'>Reiche</span> <span class='ocrx_word' id='word_1_251' title='bbox 1150 4380 1193 4434; x_wconf 82' lang='grc'>97.</span> <span class='ocrx_word' id='word_1_252' title='bbox 1273 4382 1289 4434; x_wconf 79' lang='grc'><strong>2</strong></span> <span class='ocrx_word' id='word_1_253' title='bbox 1309 4379 1392 4438; x_wconf 84' lang='lat' dir='ltr'>Heiu-</span> 
     </span>
     <span class='ocr_line' id='line_1_35' title="bbox 241 4463 1390 4534; baseline 0.01 -18"><span class='ocrx_word' id='word_1_254' title='bbox 241 4465 299 4519; x_wconf 85' lang='lat' dir='ltr'>rich</span> <span class='ocrx_word' id='word_1_255' title='bbox 321 4464 462 4520; x_wconf 78' lang='lat' dir='ltr'>ltrlbach?</span> <span class='ocrx_word' id='word_1_256' title='bbox 481 4483 500 4519; x_wconf 86' lang='lat' dir='ltr'>s.</span> <span class='ocrx_word' id='word_1_257' title='bbox 522 4463 790 4523; x_wconf 61' lang='lat' dir='ltr'>suom-chronicas</span> <span class='ocrx_word' id='word_1_258' title='bbox 807 4465 840 4534; x_wconf 87' lang='lat' dir='ltr'>V,</span> <span class='ocrx_word' id='word_1_259' title='bbox 859 4467 918 4524; x_wconf 78' lang='grc'><strong>226.</strong></span> <span class='ocrx_word' id='word_1_260' title='bbox 972 4469 988 4522; x_wconf 88' lang='grc'><strong>3</strong></span> <span class='ocrx_word' id='word_1_261' title='bbox 1011 4469 1040 4526; x_wconf 84' lang='lat' dir='ltr'>ln</span> <span class='ocrx_word' id='word_1_262' title='bbox 1060 4469 1208 4528; x_wconf 84' lang='lat' dir='ltr'>volontate</span> <span class='ocrx_word' id='word_1_263' title='bbox 1228 4469 1390 4530; x_wconf 79' lang='lat' dir='ltr'>verbcsscrt.</span> 
     </span>
    </p>
   </div>
   <div class='ocr_carea' id='block_1_14' title="bbox 0 0 1521 5060">
    <p class='ocr_par' dir='ltr' id='par_1_15' title="bbox 0 0 1521 5060">
     <span class='ocr_line' id='line_1_36' title="bbox 0 0 1521 5060; baseline 0 0"><span class='ocrx_word' id='word_1_264' title='bbox 0 0 1521 5060; x_wconf 95' lang='lat' dir='ltr'> </span> 
     </span>
    </p>
   </div>
  </div>
 </body>
</html>
