2990 5068
670 415 732 481 169

208 591 425 660 concordatus
451 596 499 660 est
513 593 680 678 episeopus
697 591 938 676 Bambergensis
960 613 1032 659 cum
1048 591 1126 658 duce
1141 589 1275 659 Saxonis

104 693 297 765 Wilhelmo
321 719 381 782 per
403 699 433 764 d.
458 698 672 765 marchionem
698 699 867 764 Albertum
896 701 928 763 et
951 697 1132 782 episcopum
1156 697 1273 763 Herbi·

103 802 284 886 polensem
306 804 366 869 sub
389 804 448 871 hac
469 804 588 884 forms,
612 805 695 890 quod
720 805 887 890 episcopus
921 802 1164 888 Bembergeusis
1186 803 1275 869 dabit

104 907 191 974 duci
215 907 394 976 Willnelmo
416 910 501 976 circo
523 913 645 994 septem
669 909 759 975 milia
778 908 971 974 florenorum
997 913 1029 974 et
1050 914 1191 973 steursm
1206 930 1273 974 me-

106 1013 248 1080 diamu
276 1015 343 1080 suis
365 1014 511 1100 recipiet,
543 1036 605 1100 que
637 1035 671 1080 se
703 1014 743 1081 ad
773 1014 830 1080 xiii
853 1013 942 1078 milia
972 1012 1139 1078 extendere
1161 1011 1273 1097 uulgu-

106 1123 179 1186 tar.
227 1119 400 1186 Residuum
423 1120 483 1185 sibi
508 1120 685 1205 usurpabit.

205 1224 290 1292 Sunt
314 1225 366 1290 hio
387 1225 426 1291 de
448 1229 540 1310 parte
561 1224 809 1290 christianorum
833 1224 897 1289 duo
929 1223 1062 1288 burones
1084 1222 1123 1288 ds
1146 1221 1276 1288 Boemia

108 1351 181 1396 una
202 1351 275 1396 cum
299 1331 417 1397 decano
440 1329 569 1396 ecclesie
591 1331 691 1396 sancti
709 1329 907 1396 Wenozeslai
930 1328 968 1393 de
989 1327 1104 1414 Frage,
1130 1325 1275 1393 Hilarius

109 1435 258 1516 nomine,
282 1457 374 1522 quem
391 1457 446 1503 vos
461 1457 590 1503 noscere
604 1439 679 1517 scio,
696 1437 774 1503 olim
788 1434 962 1520 discipulus
977 1432 1167 1513 Rookinane,
1191 1454 1276 1499 nunc

110 1561 192 1605 vero
215 1541 267 1604 vir
288 1542 429 1624 optimus
450 1539 602 1608 catolicae
610 1541 633 1621 ¹,
657 1541 713 1626 qni
737 1540 839 1619 hodie,
869 1540 997 1624 quando
1019 1538 1128 1603 stetim
1152 1536 1180 1604 d.
1198 1534 1275 1601 Car·

110 1645 235 1710 dinalis
257 1645 433 1730 hospicium
449 1668 541 1713 suum
566 1647 700 1713 intravit
723 1650 796 1731 post
824 1645 919 1712 misse
945 1643 1204 1722 celebracionem
1227 1641 1274 1708 la·

113 1751 337 1816 mentcbiliter
359 1755 393 1816 et
413 1753 581 1838 qnerulose
612 1753 691 1818 satis
714 1774 819 1818 eoram
841 1772 889 1831 eo,
909 1749 1056 1835 pluribus
1072 1746 1275 1834 presentibus

114 1859 151 1918 et
166 1876 217 1919 me
234 1855 393 1934 audiente,
412 1856 589 1941 proposuit,
614 1856 698 1941 quod
712 1856 773 1921 sibi
792 1855 825 1919 in
843 1854 956 1920 faciem
979 1851 1135 1941 [quidam]
1148 1853 1275 1918 nomine

114 1957 198 2024 Otto
222 1960 260 2026 de
284 1957 445 2046 Spurneck
458 1960 483 2041 ⁸,
519 1962 629 2027 fovens
656 1982 764 2047 regem
788 1983 822 2026 au
856 1959 923 2026 aius
945 1965 1065 2026 sectam
1089 1958 1274 2025 maledicam

116 2064 270 2130 heetmno
284 2067 409 2151 vesperi
432 2066 660 2152 maledixisse[t
677 2063 722 2154 et]
738 2067 772 2131 in
789 2065 918 2150 publica
934 2064 1041 2149 pluteo
1057 2064 1142 2130 circa
1165 2063 1275 2149 hospi·

114 2169 201 2234 cium
234 2169 321 2234 duois
345 2168 494 2238 Ludovioi
523 2171 627 2236 verbis
660 2171 845 2237 inundasset
867 2169 1113 2236 contumeliosis.
1164 2166 1274 2233 Plures

116 2275 198 2338 moti
223 2274 362 2340 lacrimis
387 2275 416 2341 ei
449 2276 539 2342 valde
556 2277 784 2357 condolebant,
808 2276 836 2344 d.
859 2275 1037 2343 Cardinalis
1058 2275 1223 2360 proposita
1231 2273 1274 2359 (l)

114 2379 176 2444 hec
209 2379 321 2445 retulit
355 2381 556 2467 principibus
590 2382 662 2449 aliis
692 2387 724 2448 et
757 2403 852 2466 super
887 2381 947 2448 hoc
981 2382 1056 2446 dure
1090 2400 1274 2464 responsum

117 2482 298 2572 [pollicitus
320 2485 391 2570 estl.

208 2587 291 2656 Item
315 2590 497 2658 retulerunt
517 2593 633 2676 prefati
658 2594 792 2658 barones
816 2594 907 2677 regni
927 2591 1067 2669 Boemie
1090 2592 1195 2676 ipsum
1217 2590 1274 2657 Jo-

117 2693 265 2780 [anneml
289 2695 327 2760 de
351 2695 498 2782 Rynew⁸
522 2699 712 2764 conductum
736 2704 769 2764 et
791 2698 978 2764 salariatum
1012 2697 1109 2764 fuisse
1132 2718 1190 2781 per
1213 2717 1274 2774 sos,

116 2802 169 2864 set
192 2799 362 2867 novissime
385 2802 556 2882 maliciose,
579 2801 709 2884 furtive,
740 2803 962 2870 fraudulenter
979 2808 1011 2869 et
1038 2807 1152 2886 sponte
1175 2801 1276 2867 abeis

113 2903 186 2969 sine
208 2905 292 2970 scitu
329 2911 360 2972 et
384 2907 492 2973 lavore
517 2908 696 2975 discessisse
728 2917 760 2974 et
787 2911 825 2974 ud
851 2909 1015 2989 Boemnm,
1043 2910 1200 2995 quondam
1224 2929 1273 2973 as·

116 3015 242 3077 sertum
265 3032 373 3098 regem
399 3011 536 3094 Boemie‚
560 3036 631 3080 oum
656 3017 890 3101 quinquaginta
911 3015 1001 3100 equis
1028 3012 1219 3099 applicuisse
1243 3016 1277 3076 et

115 3137 204 3182 nunc
228 3123 353 3200 partem
376 3141 465 3186 suam
489 3119 595 3186 fovere
626 3126 658 3187 et
687 3129 798 3187 contra
831 3121 1021 3188 christianos
1049 3120 1152 3198 viros,
1174 3117 1273 3184 unde-

115 3243 255 3307 cumque
278 3229 395 3307 potest,
420 3225 468 3291 uti
485 3248 523 3290 ex
545 3227 656 3292 innata
678 3249 736 3292 sua
753 3227 880 3294 malicia
902 3225 1075 3305 consuevit,
1099 3224 1275 3290 machinari

116 3327 150 3390 in
177 3348 286 3392 necem
310 3328 522 3412 plurimorum
546 3332 793 3398 christianorum
829 3337 862 3398 et
896 3333 928 3396 in
953 3330 1177 3396 detrimentum
1203 3329 1274 3394 fidei

116 3431 283 3498 ortodoxe.
332 3431 372 3498 ut
394 3434 440 3499 ita
464 3435 554 3500 malis
578 3437 696 3522 ubique
719 3435 984 3502 invalescentibus
1003 3457 1105 3520 pauca
1129 3455 1201 3520 spes
1222 3457 1272 3500 re·

118 3534 279 3622 linquitur
307 3536 497 3606 christicolis
519 3547 551 3605 et
575 3542 635 3606 nisi
660 3544 852 3626 prudenter,
881 3543 996 3608 timore
1019 3543 1068 3607 dei
1100 3541 1275 3625 preposito,

118 3644 172 3728 qui
197 3663 319 3728 paucus
341 3643 425 3709 inter
448 3646 609 3730 principes
625 3654 682 3724 est,
706 3653 919 3726 succurratur,
945 3649 1126 3714 timendum
1151 3654 1209 3728 est,
1233 3670 1273 3712 ue

119 3749 322 3832 gravioribus
351 3749 530 3816 afficiamur
565 3751 667 3817 malis.
725 3751 781 3818 uss
807 3753 891 3818 enim
927 3754 1046 3818 invidia
1070 3758 1103 3818 et
1124 3755 1273 3837 superbia

119 3856 318 3937 permaxima
347 3855 399 3920 hic
423 3857 508 3920 inter
542 3857 722 3942 principes,
757 3880 813 3942 per
845 3881 938 3944 quom
972 3857 1074 3922 omnis
1097 3857 1273 3935 concordia,

121 3959 296 4024 multorum
331 3961 485 4026 bonorum
518 3963 639 4027 fautrix
663 3969 695 4027 et
718 3963 835 4028 cultrix
860 3961 1063 4050 [suffocatur‚
1099 3983 1155 4046 per
1178 3983 1273 4045 quarn

121 4065 259 4148 veteres]
284 4065 472 4144 conseruari¹
497 4065 623 4132 inesse*
651 4074 682 4132 et
706 4069 815 4153 augeri
840 4068 1090 4154 rempublicam
1116 4067 1274 4132 uberrime

120 4171 334 4236 tradiderunt.
384 4170 584 4237 Horrendum
610 4161 657 4237 est
679 4173 787 4239 videre
810 4196 971 4258 pompam,
996 4195 1091 4260 quam
1109 4173 1160 4237 hic
1183 4172 1272 4255 prin·

190 4365 202 4418 l
223 4360 291 4433 vgl.
303 4361 436 4430 Palaoky,
450 4361 546 4418 (lesoh.
560 4379 584 4416 v.
599 4307 722 4420 noemin
735 4365 781 4428 IV,
796 4369 819 4428 2.
838 4366 890 4421 450
904 4368 922 4420 l.
938 4366 993 4420 und
1006 4367 1066 4420 ΗΟ.
1130 4366 1146 4416 2
1167 4363 1273 4434 Haupt·

118 4467 205 4506 mann
225 4467 260 4504 ru
279 4449 352 4520 Eger
376 4467 398 4504 r.
416 4449 519 4506 l'ontes
544 4467 597 4508 rer.
618 4451 711 4509 Austr.
733 4453 767 4506 11.
795 4455 841 4510 ud.
863 4454 937 4510 XLII
964 4453 1078 4524 passim.
1185 4451 1273 4510 suin

118 4537 312 4609 bertchtigter
330 4537 522 4610 uagelegerer
540 4558 562 4595 ι.
581 4539 653 4595 auch
671 4539 710 4595 St.
723 4539 787 4598 Otr.
799 4541 831 4608 V,
851 4543 901 4598 395
915 4543 934 4599 l.
954 4545 1006 4598 210
1026 4542 1045 4598 l.
1097 4543 1115 4596 l
1133 4539 1274 4596 orauere?
