2990 5068
625 416 687 482 143

75 593 189 657 delicet
213 592 399 678 prudencia,
421 593 556 658 consilio
579 596 678 678 atque
695 592 887 658 constancia.
933 593 1084 660 Testetur
1104 595 1162 660 bec
1176 617 1228 660 ca·

74 697 178 763 ritstis
202 698 388 786 reverencia
408 702 503 784 atque
525 719 624 776 amor,
648 719 740 782 quem
764 697 959 782 singularem
983 723 1002 764 a
1023 701 1156 780 eunctis,
1180 701 1229 766 in-

74 805 137 868 dies
161 805 320 871 maiorem
345 805 598 891 uberioremque,
622 804 870 888 adipiscebatur.
903 804 1024 872 Scitum
1049 811 1098 870 est
1120 807 1229 884 eciem,

75 909 287 992 plurimarum
312 933 417 976 rerum
442 931 532 976 usum
550 914 583 976 et
599 911 842 995 experienciam,
866 910 1107 990 humanitatem,
1130 910 1228 976 comi·

74 1020 169 1080 tatem
205 1017 243 1080 in
267 1017 378 1082 doctos
399 1017 503 1094 viros,
537 1013 708 1102 amore[m]
741 1020 774 1080 et
798 1013 1078 1100 benivolencia[u1]
1105 1035 1230 1098 semper

75 1122 176 1204 ipsum
200 1121 363 1200 babuisse,
387 1127 420 1186 et
448 1125 604 1207 quantum
627 1141 712 1186 nunc
736 1143 755 1184 a
778 1121 926 1204 pluribus
950 1121 982 1186 in
1006 1121 1073 1186 vita
1096 1119 1230 1184 dilectus

75 1231 144 1308 post
167 1231 310 1292 mortem
338 1226 535 1291 desideretur
556 1225 668 1292 multis
691 1232 825 1292 constat.
873 1225 916 1291 Et
930 1229 963 1290 te
979 1226 1118 1310 primum
1135 1224 1229 1290 huius

76 1335 186 1396 testem
211 1331 247 1394 in
272 1331 413 1396 medium
435 1331 593 1414 produco,
620 1351 712 1416 quem
738 1331 805 1396 acsi
827 1325 888 1396 tibi
911 1330 1046 1414 alijsque
1067 1331 1228 1396 substrac-

76 1439 152 1515 tum,
175 1437 353 1501 maximam
377 1436 513 1520 denique
535 1437 689 1502 iacturam
721 1436 882 1520 exipsius
909 1441 1012 1502 morte
1035 1435 1157 1500 illatam
1182 1435 1228 1500 la·

77 1542 229 1606 menteris
251 1562 291 1606 ac
310 1541 451 1607 animum
473 1562 602 1625 gravem
626 1542 821 1625 anxiumque
840 1541 989 1606 adversus
1004 1546 1069 1606 tam
1092 1539 1229 1606 solidum

76 1645 192 1710 malum
217 1649 251 1711 te
275 1645 392 1710 babere
427 1646 604 1710 arbitraris.
650 1645 753 1721 Quare
784 1651 816 1710 et
840 1651 872 1710 te
894 1647 1000 1730 sepius
1022 1646 1229 1730 ingemiscere

77 1773 153 1832 reor,
178 1772 245 1838 quo
269 1751 317 1816 nil
340 1773 479 1836 unquam
503 1773 572 1816 meo
595 1751 713 1816 iudicio
736 1752 858 1816 maiore
888 1749 1134 1835 reprehensione
1157 1751 1229 1836 dig-

79 1881 149 1923 num
173 1858 296 1936 censui,
321 1878 407 1922 more
430 1855 610 1936 mulierum,
633 1855 749 1940 quibus
772 1855 799 1920 si
815 1855 962 1938 voluptas
985 1855 1149 1922 utilitasve
1171 1877 1229 1939 per

79 1969 210 2030 mortem
238 1985 348 2028 eorum
372 1962 523 2046 adempta
546 1961 654 2040 fuerit,
678 1961 843 2044 ingentem
861 1965 995 2044 propter
1010 1959 1149 2026 dolorem
1165 1981 1228 2025 non

81 2071 303 2146 recordantur,
338 2067 422 2153 quod
446 2067 473 2130 si
497 2066 655 2152 quispiam
679 2065 766 2150 ipsas
788 2067 885 2132 verbo
908 2065 1029 2132 leniet
1052 2066 1167 2132 blando
1190 2067 1229 2130 sd

81 2179 212 2240 mentem
237 2179 376 2252 revocet,
396 2171 586 2254 resipiscunt
603 2171 801 2255 quantocius,
825 2176 857 2235 et
872 2176 949 2236 tunc
964 2171 1103 2254 primum
1127 2172 1229 2236 auim-

81 2279 260 2358 adrertunt,
282 2299 348 2342 sese
371 2299 430 2360 per
451 2276 599 2362 angustia
627 2276 799 2360 abiecta(l)
823 2277 958 2342 racionis
980 2278 1067 2342 avia
1081 2277 1230 2354 deviasse,

82 2387 159 2468 quod
182 2389 217 2450 et
240 2384 302 2449 tibi
337 2382 462 2447 evenire
484 2403 604 2461 censeo,
628 2382 703 2446 dum
725 2382 839 2464 ipsum,
863 2405 956 2467 quem
978 2383 1106 2466 scriptis
1128 2381 1229 2468 luges,

82 2512 96 2552 e
125 2491 190 2555 vita
220 2495 326 2554 morte
354 2486 518 2553 sublatum
552 2486 746 2552 contendis¹
762 2537 871 2553 .....
898 2486 1013 2573 Cogita
1042 2489 1228 2553 brevitatem

82 2593 170 2660 huius
192 2595 312 2681 spacii,
343 2615 400 2678 per
424 2593 508 2678 quod
530 2593 738 2658 usitatissime
768 2593 934 2659 currimus.
981 2592 1120 2659 Observa
1146 2593 1230 2658 bunc

83 2697 289 2766 comitatum’
311 2697 436 2783 generis
453 2697 584 2762 humani
608 2698 716 2762 eodem
740 2699 934 2776 tendentem,
958 2698 1155 2782 paucissimis
1178 2699 1228 2762 in-

83 2807 221 2872 tervallis
244 2805 430 2870 distinctum
454 2803 562 2880 eciem,
586 2802 641 2867 ubi
653 2803 791 2868 maxima
808 2803 974 2878 videntnr;
999 2804 1120 2885 bu(n)c,
1133 2825 1227 2888 quem

83 2916 171 2992 putas
185 2917 220 2977 te
235 2909 386 2986 amisisse,
410 2909 584 2991 premissus
600 2913 658 2972 est.
704 2907 787 2983 Quid
802 2908 904 2992 igitur
919 2909 1110 2988 demencius,
1133 2929 1227 2994 quam

83 3035 147 3080 cum
171 3016 235 3082 tibi
268 3015 351 3080 idem
384 3013 447 3077 iter
466 3012 680 3078 emeciendum
706 3019 772 3090 est,
795 3014 997 3097 supervacuis
1019 3012 1167 3078 lamentis
1190 3015 1229 3079 il·

85 3119 144 3184 lum
160 3119 324 3204 prosequi,
349 3120 403 3203 qui
420 3119 600 3182 antecessit.
647 3116 806 3202 Omnis(!)
831 3119 938 3183 eadem
954 3119 1096 3183 condicio
1119 3120 1230 3184 mortis

84 3227 204 3308 equales
227 3223 323 3303 fecit,
361 3224 412 3288 cui
436 3223 519 3288 enim
544 3224 629 3288 nasci
654 3223 831 3308 contingit,
863 3224 945 3288 mori
968 3228 1077 3288 restat.
1124 3222 1229 3288 luter·

86 3331 171 3396 vallis
182 3330 423 3412 distinguimur,
446 3329 533 3393 exitu
549 3351 704 3413 squamur
727 3376 861 3395 ......
887 3327 963 3392 Vita
986 3327 1071 3392 enim
1094 3350 1152 3394 nec
1175 3330 1229 3394 bo-

87 3457 156 3502 uum
176 3458 236 3504 uec
258 3435 377 3500 malum
407 3440 465 3510 est,
489 3435 564 3500 boni
596 3439 627 3498 et
650 3434 726 3500 mali
765 3434 853 3500 locus
874 3437 932 3498 est.
990 3431 1047 3498 Nil
1071 3453 1147 3517 ergo
1171 3434 1231 3498 iste

86 3542 269 3608 venerabilis
304 3545 396 3625 pater
423 3540 582 3624 perdidit,
618 3540 679 3604 nisi
710 3541 854 3604 umbram
889 3543 921 3604 et
954 3540 1112 3604 miseriam
1137 3538 1231 3604 buius

88 3648 185 3713 seculi.
234 3645 313 3711 Noli
336 3667 414 3731 ergo
444 3655 555 3712 causus
578 3645 695 3712 doloris
725 3645 862 3710 luctibus
889 3645 953 3710 tuis
970 3645 1156 3728 vulgaribus
1179 3666 1230 3710 so-

88 3754 189 3820 oersiri
213 3773 271 3818 nec
294 3751 376 3816 levia
409 3751 607 3816 incommoda
630 3750 827 3836 indignando
860 3749 1032 3814 cumulare.
1079 3749 1228 3816 inhuma-

91 3857 164 3924 nitas
186 3864 236 3924 est
269 3857 341 3935 iste,
364 3876 427 3921 non
462 3858 564 3922 virtus
586 3857 687 3924 firma
735 3854 815 3936 Sape
839 3855 874 3920 in
913 3855 963 3918 bis
987 3877 1007 3919 a
1029 3857 1143 3920 nature
1165 3855 1230 3920 dis·

89 3965 218 4032 cedimus
241 3961 444 4046 impulsuque
467 3983 525 4028 nos
547 3962 658 4026 damus
690 3961 810 4028 nullius
842 3962 891 4026 rei
912 3961 1035 4026 auctori
1060 3965 1091 4025 et
1115 3961 1147 4025 in
1172 3961 1232 4024 bac

91 4089 119 4132 re
137 4072 217 4137 sicut
252 4071 285 4134 iu
308 4069 457 4134 omnibus
488 4067 792 4133 inconstantissimo.
838 4064 953 4130 Omnia
984 4067 1093 4150 itaque
1116 4066 1154 4130 ad
1179 4087 1229 4130 re·

90 4174 198 4244 cionem
214 4175 391 4242 revocanda
405 4179 488 4240 sunt.
536 4172 628 4240 Dices
662 4174 778 4252 forsan,
802 4173 936 4238 caritate
957 4175 988 4236 te
1004 4171 1110 4236 dolere
1133 4192 1229 4255 quam

91 4283 226 4364 namma,
250 4305 290 4348 an
317 4303 354 4346 ea
378 4300 453 4344 vero
468 4283 575 4362 potest
591 4278 653 4342 dici
669 4276 795 4354 caritas,
821 4274 977 4359 qusquis
1000 4273 1131 4338 alterins
1149 4276 1229 4340 bono

151 4509 162 4562 l
183 4506 328 4578 Vgimben
346 4524 373 4576 p.
387 4507 446 4562 140.
500 4505 517 4560 2
536 4504 572 4559 So
590 4429 775 4573 dmioenoept
792 4503 810 4556 f.
825 4503 909 4568 bodl,
927 4504 987 4557 text
1006 4501 1057 4556 hat
1070 4501 1227 4568 cogitatum
