2990 5068
648 399 711 466 159

75 575 218 639 ιιιιιὶἰο
242 577 338 642 etatis
353 599 438 643 anno
458 577 621 660 scripsisse
637 598 708 640 enm
726 581 861 655 constat,
886 579 946 642 sub
958 599 1093 662 persona
1109 579 1249 662 pastoris

75 681 119 745 de
153 703 194 746 se
222 682 293 765 ipso
325 682 457 767 loquens
479 683 544 746 ait:
585 681 774 747 »Candidior
797 688 965 767 postquam
983 684 1127 748 tendenti
1152 684 1250 750 barba

75 787 258 853 cadebat«.
306 787 362 852 Est
385 788 506 873 itaque,
530 788 562 851 ni
587 787 699 866 bellur,
729 789 849 872 grande
879 787 974 852 miehi
1007 788 1159 854 solacium
1182 791 1246 854 turn

75 892 185 956 elaris
209 897 336 977 septum
362 913 429 958 esse
452 893 622 958 comitibus
637 890 657 955 ¹.

181 995 261 1061 Post
279 998 346 1076 bno,
364 997 608 1062 benivolenciam
629 1001 757 1081 captare
771 997 891 1077 volens,
906 997 1047 1064 hortaris
1065 1020 1128 1064 nou
1145 1000 1249 1064 minus

75 1102 251 1168 instanter
279 1125 374 1188 quarn
400 1103 611 1182 confidenter,
646 1107 682 1168 ut
717 1103 953 1168 honestioribus
974 1105 1089 1188 studijs
1123 1105 1247 1170 labores

77 1231 176 1274 meos
201 1210 382 1292 impendam
406 1213 466 1274 etc.
513 1207 616 1274 Grato
639 1210 745 1274 animo
769 1207 881 1274 tuaml
908 1210 999 1274 istam
1021 1210 1197 1276 fraternam
1213 1211 1246 1274 in

78 1337 133 1378 me
160 1314 317 1398 pietatem
343 1320 375 1379 et
398 1314 591 1398 complector
614 1319 646 1382 ct
669 1315 780 1393 laudo,
805 1337 901 1399 quam
925 1316 1025 1382 amice
1048 1321 1134 1382 certe
1157 1316 1245 1394 lauis,

78 1427 118 1484 ut
144 1421 249 1501 ea(m)
273 1421 352 1484 mibi
385 1441 611 1485 corrrmemores
633 1426 731 1505 atquc
754 1442 930 1506 proponas,
963 1445 1023 1507 que
1051 1424 1156 1486 anime
1180 1445 1247 1486 mee

77 1525 189 1590 saluti
213 1527 388 1590 conducere
411 1530 444 1590 et
460 1525 610 1608 expedire
630 1527 763 1609 putasti.
813 1526 879 1610 ligo
903 1547 987 1604 vero,
1014 1524 1175 1605 Heinrice,
1199 1528 1247 1590 vir

80 1631 330 1709 humanissime,
355 1632 383 1695 is
401 1651 482 1710 sum,
507 1629 554 1696 its
575 1653 626 1696 rne
649 1632 727 1696 deus
749 1631 871 1696 salvum
889 1630 976 1711 velit,
999 1631 1025 1694 si
1050 1653 1121 1696 rere
1139 1637 1245 1696 etnon

80 1737 162 1802 ficte
187 1737 359 1822 loquar‚is
389 1738 519 1821 inquam
556 1759 642 1816 sum,
678 1737 734 1822 qui
757 1737 814 1801 bus
843 1757 950 1802 sacras
973 1737 1082 1802 literas
1104 1738 1246 1802 ornuiunr

79 1843 374 1928 scripturarum(!)
397 1842 493 1927 longe
525 1847 733 1928 anteponam,
763 1843 960 1927 maximeque
983 1843 1115 1908 observo
1138 1847 1170 1907 et
1192 1861 1245 1907 ve·

81 1971 184 2014 neror
207 1972 270 2026 eos,
295 1971 374 2035 quos
397 1950 496 2014 michi
519 1951 672 2034 proponis
696 1949 827 2015 eximios
858 1969 1025 2032 sacrosque
1054 1948 1137 2012 viros
1159 1949 1244 2012 omni

81 2055 262 2120 sanctitate
284 2054 444 2140 pollentes
466 2055 593 2140 aliaque
616 2056 806 2120 documenta
830 2051 867 2140 [f.
888 2049 964 2140 279]
988 2052 1160 2132 salutaria,
1185 2075 1246 2138 qne

82 2181 201 2244 prona,
224 2161 337 2226 auditu
368 2160 489 2236 suavia,
514 2158 682 2226 intellectu
710 2159 837 2238 facilis,
870 2163 1019 2242 susceptu
1043 2158 1176 2224 honesta
1198 2160 1244 2222 vi·

82 2267 216 2330 dentur.
263 2264 461 2350 Quamquam
486 2286 563 2350 ergo
586 2287 623 2330 ea
639 2265 754 2330 divinis
770 2284 869 2348 prope
887 2265 1033 2329 laudibus
1056 2265 1154 2349 digna
1176 2285 1244 2328 cre·

80 2371 170 2449 daur,
195 2375 338 2435 attamen
355 2393 391 2436 ea
407 2371 477 2454 ipsa
492 2391 553 2434 nou
578 2370 624 2435 sio
647 2369 786 2446 laudern,
810 2375 848 2434 nt
863 2370 1004 2434 studium
1022 2369 1244 2446 humanitatis,

82 2476 172 2560 quod
210 2480 247 2540 tu
274 2496 387 2540 vanum
422 2474 578 2559 appellari
611 2495 675 2540 uon
702 2475 838 2552 vereris,
870 2475 1064 2558 vituperem,
1099 2475 1181 2560 quod
1205 2475 1245 2540 ab

82 2581 239 2646 omuibus
262 2601 338 2645 saue
360 2579 613 2646 laudatissimum
630 2579 700 2645 lore
723 2581 869 2660 iudicem,
896 2581 1020 2645 (lumin
1045 2581 1114 2664 ipso
1138 2581 1245 2646 debita

83 2687 217 2752 racione
240 2691 273 2750 et
295 2706 460 2772 quousque
483 2685 551 2768 ipss
571 2685 667 2764 lieet,
691 2685 886 2771 progrediar.
937 2685 1007 2751 Non
1033 2688 1116 2752 enirn
1141 2691 1243 2769 putes,

82 2794 116 2856 iu
145 2791 211 2876 hijs
233 2792 405 2876 gentilium
427 2791 542 2874 studijs
565 2813 615 2856 me
637 2792 682 2857 sic
698 2793 880 2856 immersum
905 2795 1064 2857 eteorum
1087 2793 1244 2856 suauitate

84 2898 254 2962 irretitum
277 2919 354 2977 esse,
377 2904 413 2961 ut
436 2897 536 2962 eciam
553 2919 615 2962 non
633 2896 806 2983 aliquando
830 2899 973 2963 animum
990 2898 1029 2962 ad
1053 2897 1171 2962 alciora
1186 2897 1243 2962 deo

82 3004 165 3068 duce
195 3023 319 3086 sperem
350 3002 524 3067 attendere.
570 3002 723 3068 Attamen
753 3025 825 3068 cum
857 3005 890 3067 in
924 3004 981 3068 bac
1012 3008 1081 3069 arte
1104 3001 1243 3067 noudum

83 3114 216 3174 tanturn
241 3109 431 3191 profecerim
441 3107 465 3188 ⁸,
490 3114 644 3192 quantum
663 3109 730 3192 ipse
747 3109 871 3186 vellem,
895 3130 953 3173 nec
969 3131 1021 3174 eus
1038 3109 1071 3172 in
1088 3129 1138 3172 me
1161 3107 1243 3170 vires

83 3215 241 3292 noverim,
263 3215 290 3278 si
315 3236 377 3298 qua
399 3218 504 3279 tumsn
529 3213 613 3278 forte
636 3215 668 3278 iu
693 3236 743 3278 me
772 3215 815 3279 sit
851 3214 1053 3280 mediocritas
1076 3217 1109 3278 et
1134 3212 1243 3296 pocius

83 3321 219 3384 virtutis
242 3325 275 3385 et
298 3341 406 3385 earum
429 3319 595 3385 literarum
621 3319 748 3405 quidam
773 3341 881 3400 amor,
905 3341 1001 3404 quam
1024 3317 1110 3384 nllus
1134 3339 1241 3382 earum

84 3425 262 3508 profectus,
286 3447 349 3490 nou
373 3430 479 3491 tumen
503 3426 707 3492 iniucundum
741 3447 816 3490 saue
843 3447 900 3490 neo
923 3425 1037 3490 inutile
1061 3424 1133 3488 fore
1156 3425 1242 3488 arbi-

85 3537 165 3608 tror,
190 3531 267 3596 huic
289 3532 364 3610 arti,
386 3536 423 3596 ut
453 3531 540 3606 dixi,
562 3531 734 3615 aliquando
766 3532 911 3596 inherere
940 3551 977 3595 uc
1007 3551 1135 3614 operam
1159 3530 1242 3596 dare.

84 3635 187 3711 Quam
212 3637 341 3721 quidem
364 3637 570 3720 oppinionem
593 3639 621 3702 si
644 3638 884 3720 damnaveris,
919 3659 983 3702 una
1007 3637 1107 3702 eciam
1130 3637 1241 3721 damp-

86 3742 232 3821 narsris‚
260 3761 386 3806 necesse
408 3742 462 3821 sit,
485 3741 558 3806 illos
581 3763 687 3808 sauros
710 3744 855 3810 doctores
879 3742 1116 3828 Augustiuum‚
1149 3742 1240 3808 lero·

84 3850 220 3926 nimum,
236 3847 453 3914 Ambrosium.
493 3849 554 3914 Eos
576 3851 660 3914 euim
679 3851 765 3934 ipsos
782 3851 963 3934 accepimus
988 3849 1157 3932 gentilium
1173 3854 1241 3911 stu·

85 3955 147 4038 dijs
168 3955 225 4018 diu
260 3953 459 4039 multumque
489 3955 650 4020 insudasse
681 3961 713 4019 et
749 3956 780 4019 in
816 3955 878 4021 hiis
911 3959 1035 4020 tanturn
1061 3953 1241 4038 profecisse,

87 4065 243 4144 qnantum
268 4059 376 4124 divina
399 4063 432 4124 et
454 4059 648 4125 immortalia
670 4081 778 4126 eorum
802 4061 945 4125 iudicant
966 4081 1072 4144 opera,
1095 4059 1182 4138 adeo,
1206 4063 1242 4122 ut

85 4167 111 4230 si
134 4165 207 4250 quis
230 4165 410 4230 studiorum
425 4165 505 4230 artis
523 4165 736 4231 humanitatis
752 4187 865 4250 expers
888 4167 941 4245 sit,
964 4187 1002 4230 ex
1017 4164 1115 4230 saeris
1132 4185 1241 4228 eorum

656 4301 673 4340 ss

160 4389 172 4442 l
195 4384 251 4440 Das
269 4401 360 4457 gaure
383 4385 446 4456 [uus
475 4383 619 4456 Petrarca]
645 4385 769 4439 wbrtlich
798 4385 880 4439 sehon
907 4381 1010 4438 einmal
1040 4381 1110 4437 oben
1138 4401 1180 4436 nr.
1198 4383 1240 4438 28.

87 4473 180 4530 2cod.
200 4478 257 4530 tuo.
329 4473 422 4528 3ootl.
442 4471 622 4542 profeceram.
