2990 5068
808 405 870 470 132

259 585 533 669 miissiglreit;
567 585 689 650 tedel
715 585 786 649 der
809 585 1003 652 eusfdlle
1027 587 1130 652 Lura
1151 587 1324 653 eufdie
1347 587 1417 652 lit-

259 693 377 754 teras
399 691 633 756 seculares.
681 690 893 776 Mahnnng
915 714 991 758 zur
1016 692 1324 776 betrachtung
1349 695 1420 758 des

770 797 903 863 todea

356 966 539 1033 Venerabili
572 970 640 1035 viro
679 969 913 1054 iurispontificij
956 971 1125 1037 licenciato
1159 978 1220 1038 etc.
1255 976 1418 1058 magistro

257 1071 409 1138 Heinrico
435 1072 501 1136 Lur
517 1071 721 1138 Hermannue
736 1073 869 1139 Schedel
885 1074 1028 1160 phisicus
1047 1075 1261 1162 Augustensis
1275 1079 1419 1144 salutm

256 1177 426 1260 plurimam
461 1182 563 1261 optet.
610 1178 823 1244 Celeberrime
854 1188 1024 1265 preceptor
1058 1180 1223 1266 fraterque
1251 1184 1294 1247 mi
1321 1207 1418 1268 prea-

257 1282 378 1347 mende.
425 1281 497 1366 Hijs
520 1283 632 1348 diebus
651 1283 787 1369 quedam
808 1285 888 1349 mihi
904 1287 1023 1370 scripta
1039 1286 1277 1372 elegentissime
1292 1291 1419 1354 doctri-

256 1410 329 1452 nam
355 1387 597 1452 saluberrimam
622 1389 823 1453 continencia
839 1391 965 1455 cuidem
983 1389 1076 1455 fratri
1097 1397 1154 1456 tuo
1176 1393 1301 1458 sincero
1318 1396 1417 1458 misse

257 1498 437 1577 presentata
461 1492 558 1572 fuere,
592 1494 723 1580 ipsaque
744 1515 910 1578 sumopere
943 1495 1007 1581 legi
1041 1517 1077 1560 ac
1101 1520 1162 1562 non
1188 1520 1303 1582 perum
1330 1500 1418 1563 inter

256 1597 436 1685 legendo(!)
462 1599 636 1664 delectatus
660 1605 835 1686 cuncteque
852 1602 931 1666 mihi
954 1603 1060 1667 animo
1080 1603 1219 1668 versanti
1244 1624 1309 1669 non
1327 1605 1417 1669 aliud

255 1705 450 1783 occurrebat,
468 1727 563 1788 quarn
579 1703 748 1770 veritatem
766 1707 866 1791 ipsam
884 1707 962 1787 fore,
987 1731 1050 1794 que
1065 1707 1263 1793 loqueretur.
1303 1709 1416 1774 Motus

255 1809 364 1894 itaque
386 1809 501 1875 fiducie
524 1811 660 1894 quadam
684 1809 841 1896 singulari
865 1817 897 1876 et
913 1814 1049 1878 caritate
1073 1814 1210 1892 sincera,
1234 1837 1299 1899 qua
1324 1822 1360 1880 te
1377 1818 1417 1880 eb

255 1915 385 1979 ineunte
409 1919 492 1978 etate
515 1937 641 1998 semper
663 1915 756 1979 unice
779 1915 895 1995 dilexi,
926 1917 1049 2000 placuit
1076 1918 1185 2004 eliqua
1208 1925 1264 1984 tue
1287 1923 1415 2004 scripte

256 2020 413 2104 replicare
428 2026 460 2084 et
476 2021 592 2084 eisdem
617 2022 805 2104 respondere
828 2027 860 2086 et
883 2023 1100 2106 respondendo
1117 2025 1208 2089 iuxta
1231 2024 1413 2091 exilitatem

255 2126 389 2212 ingenij,
414 2127 550 2211 quidde
572 2127 649 2210 ipsis
674 2127 822 2205 sanciam,
848 2129 984 2212 quadem
1012 2130 1143 2194 audacia
1168 2131 1334 2196 rusticana
1357 2155 1414 2216 ep·

256 2231 368 2313 perire.
414 2231 451 2295 ln
476 2233 587 2315 primis
610 2233 719 2316 itaque
742 2254 810 2310 oro,
834 2255 873 2297 ne
897 2255 978 2297 nova
1001 2233 1059 2298 hee
1082 2258 1151 2300 mea
1171 2235 1210 2300 ad
1233 2242 1267 2302 te
1289 2239 1414 2320 scripte

255 2342 348 2419 putes
372 2337 475 2402 iacula
498 2359 564 2402 esse
586 2359 772 2422 morsusque
796 2338 923 2415 livoris,
949 2340 1039 2423 quasi
1063 2339 1241 2406 doctrinam
1267 2347 1335 2405 tam
1361 2364 1412 2405 se·

256 2443 418 2507 letiferam
435 2443 539 2507 literis
557 2442 750 2528 explicatam
767 2443 1002 2522 momorderim‚
1026 2447 1078 2510 aed
1099 2446 1325 2511 familiaritate
1349 2448 1412 2511 iem

255 2554 359 2612 tecum
383 2553 550 2613 contracte
573 2547 763 2613 fiducialiter
787 2549 888 2612 fretus
912 2549 971 2613 tibi
995 2550 1176 2633 significare
1202 2552 1308 2631 volui,
1335 2553 1411 2637 qnid

255 2653 332 2716 mihi
356 2655 476 2736 scripta
498 2659 553 2718 tue
578 2654 695 2738 legenti
719 2655 826 2718 animo
848 2654 1032 2719 acciderit¹.

840 2841 859 2876 Ur

255 3003 306 3040 aus
325 2985 387 3041 dem
405 2985 480 3041 briei
497 2985 565 3040 Lura
595 3004 635 3040 nr.
655 2986 688 3040 59
716 2985 773 3038 und
793 2987 866 3039 erste
887 2988 1001 3040 ansdtee
1029 3003 1077 3040 aur
1095 2987 1317 3058 beantwortung
1342 2989 1411 3045 ibid.

253 3075 271 3128 f.
291 3075 341 3129 301
362 3075 418 3128 und
432 3075 507 3131 301b.
538 3073 625 3128 Debei
643 3072 770 3142 augleich
792 3071 924 3127 hinweise
943 3072 995 3127 eui
1004 3073 1079 3128 aeine
1090 3073 1215 3143 quellen:
1234 3074 1308 3131 Vide
1323 3076 1413 3131 Fran·

252 3163 353 3217 eiacum
362 3161 493 3218 Petrerca
506 3163 535 3216 in
549 3179 590 3232 ep.
607 3161 643 3215 ed
655 3161 763 3230 incapte
770 3159 841 3231 [vite
855 3161 1092 3230 perseverantiam
1106 3161 1297 3233 exhortativa]
1381 3165 1409 3217 io

250 3268 291 3321 ep.
311 3267 368 3305 isne
383 3255 434 3305 eut
446 3251 554 3305 duabus
570 3267 662 3305 rerum
677 3247 862 3303 familiarium
875 3251 903 3303 et
919 3247 948 3303 in
968 3249 1002 3302 de
1019 3251 1124 3304 secreto
1143 3247 1282 3313 conflictu,
1300 3255 1335 3305 nt
1347 3251 1409 3312 aeia,

251 3378 299 3394 ...
315 3378 321 3391 .
342 3340 372 3393 in
391 3337 532 3394 invective
550 3342 649 3394 contre
668 3353 811 3406 procacem
824 3340 854 3392 et
867 3336 1054 3392 defensionem
1075 3339 1224 3407 poetarum
1236 3339 1410 3395 auctoritate

245 3427 397 3496 ·Lactencij
418 3427 543 3496 pulcram
556 3426 592 3494 (l)
617 3425 686 3480 setis
699 3427 728 3480 et
746 3425 816 3480 alibi
835 3423 1023 3481 defensionem
1042 3429 1196 3496 poetarum,
1209 3428 1242 3480 ut
1260 3428 1290 3482 in
1305 3427 1410 3482 Basilio

252 3514 404 3570 ....Vide
428 3514 462 3568 de
490 3515 541 3569 hoc
567 3513 602 3568 de
619 3513 680 3568 vita
703 3512 936 3581 solutarietl)...
957 3511 1028 3567 Vide
1056 3512 1147 3568 vitam
1173 3513 1250 3569 baeti
1269 3515 1407 3572 Johanms

251 3601 379 3670 Baptiste
396 3601 426 3658 in
440 3601 568 3672 epistulis
581 3601 724 3658 leronimi.
739 3601 859 3671 Applica
877 3601 930 3655 huc
944 3643 950 3656 .
965 3643 989 3658 ..
1007 3640 1013 3652 .
1035 3601 1103 3655 Vide
1113 3601 1291 3656 Franciscum
1311 3603 1408 3659 dehoc

251 3690 280 3743 in
299 3689 420 3758 epistole
439 3689 473 3744 de
492 3688 601 3758 incepta
620 3688 677 3743 vite
702 3688 912 3759 perseverancia
980 3686 1049 3743 Vide
1074 3687 1158 3743 Pium
1176 3688 1206 3742 in
1226 3690 1351 3760 epistula
1370 3691 1405 3744 ad

250 3793 312 3832 suos
332 3775 361 3830 in
381 3775 477 3830 Treeet
488 3816 493 3829 .
506 3816 512 3829 .
526 3817 532 3830 .
546 3815 551 3828 .
563 3775 642 3830 Adde
660 3779 688 3828 et
706 3773 881 3846 olpinionem
895 3775 921 3846 i]
936 3775 1098 3844 Hieronymi
1121 3775 1151 3829 in
1170 3775 1294 3846 epistula
1312 3778 1347 3832 de
1369 3778 1406 3831 vi-

251 3864 370 3919 tandum
390 3862 510 3933 credoll)
530 3881 547 3916 a
568 3863 710 3920 consorcio
729 3867 757 3917 et
776 3862 958 3918 contubernio
978 3860 1081 3917 talium
1103 3863 1239 3934 inprime
1257 3863 1331 3920 libro
1348 3866 1406 3935 epi-

250 3954 387 4007 stularum
400 3993 419 4007 ..
429 3995 434 4007 .
444 3953 487 4021 .[f.
497 3952 573 4022 3021:
593 3951 633 4006 De
647 3951 700 4021 hijs
717 3968 771 4020 que
785 3949 922 4006 senectuti
935 3950 1058 4020 fiunto),
1071 3950 1135 4005 vide
1151 3950 1303 4005 Sallustius
1315 3953 1344 4006 in
1357 3953 1372 4005 J
1377 3969 1406 4005 u·

250 4041 396 4109 gurtinum
408 4041 438 4111 (l)
457 4080 533 4095 .....
547 4039 615 4094 Vide
634 4039 786 4110 epistulam
806 4041 837 4093 51
858 4040 892 4094 de
912 4039 972 4094 vita
991 4038 1072 4092 huius
1100 4038 1196 4092 mundi
1216 4039 1246 4093 in
1265 4039 1321 4094 line
1336 4079 1343 4094 .
1358 4079 1364 4091 .
1379 4081 1405 4092 ..

249 4129 329 4198 epist.
350 4129 384 4184 70
403 4145 484 4198 super
504 4126 695 4184 consolacione
720 4126 817 4183 mortis
830 4168 837 4180 .
852 4169 878 4183 ..
899 4127 949 4182 102
973 4125 1008 4180 de
1032 4126 1150 4196 miserijs
1174 4126 1257 4180 huius
1285 4127 1351 4182 vite.
1371 4159 1405 4166 -·

248 4213 319 4270 Desa
337 4215 451 4270 Schedel
474 4215 519 4270 bei
546 4215 699 4284 ablaseung
717 4215 805 4270 dieses
830 4215 933 4270 briefea
959 4215 1045 4269 achon
1063 4213 1106 4268 im
1125 4213 1215 4269 beaita
1235 4231 1290 4270 von
1310 4234 1350 4270 nr.
1371 4217 1406 4269 61

249 4321 315 4368 wer,
334 4304 410 4372 neigt
427 4303 476 4357 der
496 4305 624 4359 vermerlr
642 4303 660 4356 f.
673 4305 759 4358 301³:
780 4303 848 4357 lune
865 4303 895 4356 in
914 4301 1052 4372 principio
1071 4300 1180 4370 aquarij
1195 4303 1225 4353 9·
1240 4303 1315 4372 junij
1330 4303 1404 4363 1465.

250 4391 429 4448 todeedatum
447 4389 556 4447 Geeeels
574 4409 595 4449 s.
614 4409 633 4445 a
656 4391 714 4445 129.
751 4389 816 4460 Vgl.
836 4394 922 4446 iinten
943 4409 984 4447 nr.
1005 4391 1038 4444 65
1060 4406 1137 4444 eum.
1157 4391 1180 4442 1.

320 4482 331 4532 l
354 4477 416 4546 Vgl.
436 4479 506 4532 oben
525 4497 546 4532 s.
567 4479 600 4532 76
619 4495 694 4534 anm.
714 4481 737 4533 3.
