3002 5070
816 406 858 469 44

258 579 344 659 dens,
369 579 424 665 qui
449 601 519 645 cum
552 585 658 646 cetera
685 581 725 646 ab
750 578 877 646 homine
912 582 1063 647 animalia
1085 583 1125 648 ad
1147 584 1268 647 terrem
1291 583 1422 648 deiecta

255 689 288 749 et
311 686 413 750 ventri
438 685 619 770 pabuloque
635 685 924 769 inservientibus(!)
948 685 1126 764 formasset,
1150 687 1325 768 hominem,
1355 688 1421 753 hoc

255 794 303 856 est
336 793 480 856 sanctum
505 791 538 855 in
574 790 668 856 terris
701 789 828 870 animal,
862 789 985 856 excelsa
1015 797 1158 873 statura,
1191 815 1247 858 ore
1269 791 1419 868 sublimi,

259 901 364 961 erecto
389 896 479 961 vultu
504 895 638 962 effinxit.
686 894 764 960 Cum
788 896 870 960 enim
895 897 928 960 in
952 896 1021 981 ipso
1045 904 1125 962 esset
1149 898 1207 963 celi
1224 899 1334 982 porcio
1358 902 1422 962 ant

256 1001 512 1068 immortalitatis
529 1001 736 1087 exspectatio,
761 1000 919 1067 homiuem
938 1003 1027 1088 qnasi
1045 1007 1192 1087 porrecta
1207 1025 1302 1069 manu
1326 1008 1366 1069 et
1377 1003 1418 1088 [!]

255 1101 352 1174 humo
385 1108 562 1188 sublevans,
587 1107 668 1174 facie
690 1112 723 1174 et
753 1106 852 1173 oculis
876 1108 909 1173 iu
935 1108 1037 1174 celum
1070 1109 1210 1187 elevatis,
1235 1113 1418 1174 creatorem

255 1236 347 1278 suum
370 1213 552 1300 intelligere
575 1235 610 1279 sc
626 1214 717 1278 deum
741 1235 834 1278 sunm
849 1215 1007 1280 noscitare
1024 1215 1117 1281 iussit
1131 1237 1266 1300 cumque
1283 1215 1418 1300 reliqna

255 1317 394 1383 hominis
415 1318 571 1384 animalia
593 1319 673 1398 sint,
709 1318 804 1385 homo
831 1341 865 1384 se
887 1319 937 1384 dei
960 1320 1079 1386 animal
1103 1326 1315 1405 cognosceret.
1370 1319 1420 1384 llt

255 1429 361 1489 autem
385 1446 451 1488 rem
474 1424 575 1510 ipsam
598 1425 781 1490 summatim
805 1425 980 1510 explicem,
1005 1426 1141 1491 mundus
1163 1425 1281 1492 idcirco
1303 1425 1417 1490 factus

257 1533 320 1610 est,
344 1531 379 1592 ut
395 1527 490 1595 horno
505 1535 700 1608 nasceretur,
723 1527 818 1594 homo
835 1529 905 1595 ideo
921 1535 1015 1596 natus
1037 1537 1095 1610 est,
1120 1536 1155 1596 ut
1171 1531 1265 1596 deum
1281 1536 1414 1615 patrem

257 1640 440 1718 agnosceret
465 1640 497 1698 et
513 1634 669 1700 iusticiam
688 1634 815 1714 coleret,
840 1641 876 1701 ut
891 1640 924 1700 et
939 1657 999 1719 pro
1014 1636 1158 1702 laborum
1182 1637 1324 1702 mercede
1350 1639 1417 1702 im·

260 1738 489 1805 mortalitatem
513 1745 547 1805 et
569 1741 707 1805 reditum
733 1740 764 1804 in
780 1739 865 1805 celos
881 1748 1111 1828 assequeretur.
1161 1741 1331 1810 Hominem
1356 1743 1417 1808 de-

261 1846 358 1930 nique
380 1846 416 1910 ad
435 1845 593 1911 iusticiam
610 1867 646 1911 ac
662 1845 760 1911 bonos
776 1868 889 1927 mores,
913 1849 1086 1933 propositis
1102 1851 1189 1914 recte
1204 1848 1418 1914 innocenter-

259 1973 319 2036 que
343 1951 468 2016 vivendi
491 1949 639 2016 formulis
662 1956 773 2017 ustum
797 1973 872 2030 esse,
894 1953 955 2017 viri
977 1953 1158 2038 gravissimi
1181 1956 1214 2019 et
1234 1954 1418 2019 doctissimi

257 2061 353 2122 testes
376 2057 524 2139 probant.
570 2055 677 2121 Nichil
712 2061 761 2122 est
790 2057 874 2122 enim
897 2056 947 2122 illi
970 2058 1109 2143 principi
1133 2059 1199 2139 deo,
1223 2061 1278 2144 qui
1302 2063 1417 2124 totum

258 2162 412 2227 mundum
438 2161 532 2246 regit,
556 2161 588 2224 in
613 2160 707 2225 terris
730 2162 893 2245 acceptius
910 2167 942 2228 et
958 2162 1170 2246 prestabilius,
1196 2186 1290 2248 quam
1314 2163 1419 2246 plane

257 2267 396 2353 intelligi
420 2288 477 2332 nos
501 2267 539 2332 ad
572 2266 728 2333 iusticiam
761 2273 861 2334 natos.
910 2266 976 2333 Nec
998 2270 1139 2348 mirum,
1161 2291 1232 2333 oum
1257 2268 1329 2346 dei,
1358 2273 1422 2354 qui

258 2373 383 2439 institia
406 2378 465 2450 est,
489 2371 732 2438 similitudinem
756 2374 823 2457 ipse
846 2373 940 2439 ferat.

343 2478 411 2554 Qua
434 2501 506 2544 cum
539 2479 585 2543 ita
610 2479 684 2560 sint,
708 2477 934 2544 humanissime
956 2484 1082 2564 pretor,
1113 2484 1146 2544 te
1170 2480 1272 2545 virum
1296 2480 1419 2545 huma-

258 2585 434 2662 nissimum,
459 2583 561 2649 virum
585 2581 837 2668 integerrimum,
860 2588 1019 2668 pretorem
1036 2585 1092 2649 deo
1114 2607 1233 2663 carum,
1257 2585 1314 2650 deo
1338 2586 1416 2670 pla-

255 2691 371 2769 citum,
404 2689 461 2754 deo
495 2689 630 2773 denique
662 2689 916 2773 acceptissimum
941 2690 1036 2755 huius
1070 2691 1155 2774 regie
1187 2689 1276 2755 urbis
1298 2689 1410 2754 clerus

256 2795 359 2861 omnis
393 2800 426 2861 et
453 2795 514 2860 viri
544 2793 717 2860 doctissimi
750 2795 941 2860 creberrime
971 2796 1144 2880 predicant.
1190 2793 1294 2860 Tanta
1322 2796 1416 2860 enirn

257 2908 337 2986 aput
359 2923 411 2966 eos
435 2906 490 2966 tua
513 2900 636 2980 virtus,
660 2900 831 2985 prudentia
865 2906 898 2966 et
919 2901 1069 2986 frequens
1093 2900 1278 2965 meritorum
1301 2899 1416 2983 predi-

258 3007 342 3074 cacio
358 3007 469 3087 valuit,
493 3011 529 3072 ut
545 3007 620 3072 dam
639 3011 671 3071 te
699 3007 801 3072 virum
826 3007 1067 3092 integerrimum
1084 3011 1310 3090 cognoverunt,
1332 3027 1416 3090 cog·

257 3115 360 3179 nitum
374 3118 538 3197 optarunt,
554 3117 700 3197 optatum
717 3117 877 3198 pretorem
893 3111 1028 3176 assecuti
1044 3115 1128 3190 suut,
1154 3116 1186 3176 et
1201 3111 1245 3175 sic
1261 3112 1417 3190 assecuti,

259 3226 295 3284 ut
317 3220 405 3285 ultra
428 3219 683 3304 expectacionem
707 3218 802 3303 longe
823 3217 975 3281 maiorem
994 3217 1041 3281 tui
1066 3216 1166 3300 ipsius
1188 3216 1324 3302 gloriam
1341 3239 1416 3281 ms-

257 3325 412 3409 gistratus
434 3324 615 3390 ostenderet
628 3373 654 3390 ..
671 3371 699 3388 ..

345 3429 416 3508 Sed,
433 3429 662 3495 oinvidissima
675 3450 780 3492 rerum
797 3428 1008 3494 humanarum
1019 3428 1151 3494 fortuna
1161 3427 1412 3512 imperantibus·

260 3557 320 3620 qne
343 3535 620 3619 perhorrescenda,
645 3557 716 3600 cum
740 3538 790 3599 tot
812 3533 982 3619 nepharios
998 3532 1155 3613 homines,
1177 3539 1227 3600 tot
1249 3533 1412 3613 scelestes,

258 3663 391 3726 quorum
423 3663 520 3724 opera
554 3641 586 3705 iu
609 3639 709 3705 solem
731 3639 903 3723 perniciem
928 3639 1074 3723 gentium
1095 3644 1256 3725 spectant,
1289 3639 1412 3703 versari

258 3746 291 3810 in
315 3747 409 3811 terris
432 3745 573 3810 videmus
596 3745 771 3811 valitudine
795 3767 946 3831 prospera
969 3746 1155 3832 diuciusque
1169 3745 1286 3824 vivere,
1310 3767 1410 3828 quem

259 3852 340 3916 ferat
368 3853 543 3916 communis
578 3852 684 3930 salus,
717 3873 794 3935 quoe
825 3851 1033 3916 utilissimum
1069 3851 1173 3916 fuerat
1196 3851 1232 3934 (l)
1255 3850 1326 3916 orbi
1356 3855 1416 3914 aut

258 3979 430 4040 numquam
446 3961 536 4022 natos
558 3961 613 4022 aut
629 3978 723 4041 quarn
750 3955 888 4039 primum
904 3955 1073 4039 interijsse,
1090 3977 1142 4022 eos
1157 3976 1242 4035 vero,
1271 3976 1410 4040 quornm

258 4067 305 4127 est
327 4062 394 4128 vita
416 4062 508 4127 nobis
522 4062 682 4141 salutaris,
706 4062 761 4147 qui
777 4083 873 4145 opere
897 4067 929 4126 et
944 4062 1089 4146 exemplo
1105 4061 1251 4146 prodesse
1268 4064 1411 4145 possent,

257 4167 290 4232 in
306 4169 421 4253 quibus
431 4168 604 4233 multorum
615 4167 774 4251 refugium
790 4167 976 4232 consisteret
991 4171 1047 4232 aut
1064 4167 1252 4251 parvipendi
1268 4171 1335 4248 aut,
1349 4167 1407 4231 ubi

257 4275 296 4338 de
318 4274 363 4338 rei
387 4273 513 4358 publice
540 4273 682 4338 utilitate
705 4277 870 4352 tractatur,
895 4273 1013 4338 secludi
1040 4279 1072 4338 et
1097 4273 1278 4358 contempnj
1298 4321 1410 4338 ......

259 4375 366 4444 Unum
395 4385 520 4459 autem,
550 4381 660 4463 pretor
683 4376 916 4457 humanissime,
941 4377 979 4442 ad
1001 4381 1034 4442 te
1057 4378 1194 4443 scribere
1217 4376 1300 4456 volo,
1325 4375 1411 4460 quod

258 4507 465 4570 sepenumero
484 4490 588 4549 mente
606 4481 764 4548 revolvere
794 4482 894 4549 soleo:
919 4483 998 4548 nihil
1024 4488 1079 4548 aut
1096 4504 1207 4567 parum
1233 4481 1308 4548 huic
1325 4481 1411 4565 regie
