2990 5068
622 421 684 489 161

59 598 238 665 difficilius
266 598 331 664 fuit
364 598 500 678 reicere,
524 599 608 684 qnod
631 597 718 664 ultro
748 619 781 664 se
803 599 935 682 obtulit,
960 626 1054 689 quem
1077 609 1229 693 reperire.

61 704 213 770 Derocio
234 703 333 770 eciam
358 725 482 770 summa
505 704 605 769 nescit
627 705 737 788 paucis
762 725 828 770 esse
854 711 1012 774 contenta.

162 809 286 875 Deinde
309 831 374 875 non
398 814 567 876 contentus
591 809 764 893 convicijs‚
797 811 914 896 quibus
932 813 1118 882 facultatem
1142 823 1230 885 tuam

62 915 239 1002 prioribus
260 914 390 999 scriptis
413 915 592 994 maculasti,
616 917 715 982 eciam
731 937 848 982 norum
872 922 904 984 be
927 941 1088 988 censorem
1112 927 1229 992 nedum

62 1043 201 1086 morum
233 1021 288 1086 sed
320 1027 353 1086 et
384 1021 549 1088 facultatis
581 1022 735 1088 medicine
766 1022 866 1102 facis,
897 1047 984 1091 more
1006 1031 1229 1111 parasitorum.

63 1125 199 1191 Yronia
222 1125 309 1192 enim
324 1127 458 1212 quadam
471 1127 627 1193 medicum
640 1127 775 1212 pulchre
790 1129 900 1194 vestiri
917 1131 1033 1216 inquis,
1056 1142 1228 1202 annectens

64 1233 310 1318 blasphemiam
333 1233 475 1298 iunctam
491 1232 693 1314 contumelia,
717 1234 791 1298 dum
814 1236 943 1321 egregie
965 1239 1095 1305 mentiri
1118 1246 1152 1305 et
1172 1262 1229 1305 aa·

65 1341 187 1404 dacter
211 1336 251 1424 [f.
275 1335 368 1422 280³]
392 1337 572 1403 interficere
588 1338 766 1422 subiungis.
812 1341 1016 1409 Alienasunt
1031 1344 1090 1410 hee
1111 1367 1230 1427 avere,

65 1446 136 1510 rim
162 1445 297 1510 veritati
320 1444 503 1510 inis-rencia.
550 1443 746 1510 Temeritate
762 1445 867 1511 nescio
882 1468 945 1531 qua
959 1447 1074 1514 ductus
1090 1452 1147 1516 heo
1162 1456 1228 1516 tem

67 1551 299 1632 ignominiose,
323 1554 446 1633 sponte,
469 1549 560 1614 nulla
583 1550 776 1615 auctoritate
790 1555 847 1615 aut
875 1551 1001 1617 racione
1023 1554 1142 1620 vallate
1165 1577 1231 1620 me·

65 1655 183 1721 dicine
204 1655 364 1721 ascribere
386 1655 491 1720 sudes.
545 1652 665 1720 Verum
689 1659 737 1719 est
758 1655 923 1740 profecto,
956 1659 1039 1742 quod
1062 1660 1159 1745 vulgo
1182 1662 1230 1726 di-

68 1765 181 1842 citur,
220 1762 435 1828 crescentibus
468 1761 561 1826 annis
584 1761 768 1828 decrescunt
799 1763 973 1843 intellecta,
1004 1770 1037 1830 et
1068 1767 1231 1834 stultiores

69 1874 229 1953 provecta
252 1873 337 1933 etate
361 1868 509 1933 evadunt.
556 1865 616 1933 Sed
639 1868 815 1953 comprimo
835 1890 895 1946 me,
919 1868 957 1933 de
980 1868 1040 1934 hoo
1061 1873 1149 1938 satis.

162 1973 225 2039 Sed
261 1995 317 2038 nec
340 1973 554 2058 tranquillum
577 1973 680 2038 adhuc
704 1980 736 2038 te
757 1975 882 2054 sencio,
914 1976 1078 2040 mendacia
1099 1979 1231 2064 egregia

70 2079 160 2145 mihi
176 2079 353 2143 asscribere
370 2083 403 2142 te
418 2098 481 2142 non
504 2077 612 2162 pudet,
636 2100 674 2142 ex
691 2099 738 2158 eo,
761 2079 838 2163 quia
852 2079 912 2144 tibi
936 2102 1039 2146 mores
1062 2081 1232 2149 mulierum

68 2186 192 2251 obicio.
238 2182 318 2250 Oum
341 2183 427 2248 enim
450 2182 583 2266 fragiles
605 2186 722 2248 natura
744 2183 862 2264 simus,
885 2184 956 2250 falli
980 2209 1055 2263 nos,
1077 2187 1153 2269 labi,
1176 2212 1230 2254 vs-

70 2291 209 2370 cillare,
242 2289 443 2374 passionibus
472 2289 583 2354 itidem
616 2289 791 2354 innumeris
825 2288 984 2356 subiectos
1008 2313 1074 2359 esse
1096 2299 1230 2360 constat.

71 2395 146 2462 llec
169 2417 234 2461 non
262 2395 368 2460 minus
391 2394 478 2473 sirie,
504 2415 600 2479 quam
624 2394 813 2460 mulieribus
835 2417 872 2460 aa
894 2396 990 2462 michi
1014 2398 1138 2483 tibique
1160 2422 1230 2465 ese-

69 2504 146 2568 nire
169 2523 262 2587 posse
279 2502 443 2568 interdum
461 2521 524 2566 non
541 2522 634 2586 nego.
679 2499 712 2566 Si
728 2501 902 2586 prudenter
921 2504 1019 2568 verba
1034 2507 1231 2585 attendisses,

70 2609 212 2674 minime
228 2607 326 2672 michi
343 2607 573 2691 exprobrssses,
597 2607 651 2672 sed
667 2605 743 2692 quia
765 2607 804 2672 ad
821 2629 921 2692 pauca
939 2610 1171 2695 prospicientes
1193 2612 1232 2677 de

69 2713 164 2780 facili
191 2714 390 2791 enuncciant,
416 2712 580 2796 prudentis
603 2712 767 2796 proprium
794 2718 851 2791 est,
874 2719 911 2778 ut
940 2709 986 2780 ait
1006 2713 1134 2797 Seneca,
1157 2739 1231 2783 exa-

70 2821 200 2884 minare
223 2817 356 2884 consilia
379 2823 412 2883 et
434 2839 496 2882 non
521 2817 585 2883 cito
607 2815 694 2882 lucili
716 2818 905 2885 credulitate
930 2821 963 2884 in
991 2821 1072 2886 falsa
1094 2821 1229 2906 prolabi.

71 2925 124 2989 Ex
149 2925 300 3010 prudenti
323 2924 408 2989 enim
432 2945 539 2988 rerum
563 2923 767 2989 estimacione
791 2925 936 3008 sequitur
954 2928 1124 2992 earundem
1147 2929 1231 2993 iusta

71 3029 288 3113 ponderatio,
328 3051 391 3115 qua
421 3029 544 3094 scilicet
577 3031 706 3113 pociora
746 3029 957 3096 deterioribus
997 3039 1229 3117 preponuntur.

71 3135 136 3211 Qui
160 3135 188 3198 si
223 3135 375 3214 dicerem,
412 3134 493 3200 dolis
528 3135 698 3200 mulierum
729 3135 901 3220 aliquando
933 3142 965 3201 te
996 3137 1158 3203 irretitum
1180 3139 1232 3218 iri,

74 3263 243 3326 nunquam
266 3241 390 3306 veniam
416 3262 564 3320 mererer,
588 3263 652 3306 non
667 3242 972 3326 siccalumpuiando
989 3244 1137 3324 amicum,
1159 3266 1231 3309 cum

75 3369 134 3413 nec
161 3347 302 3412 sanctior
319 3344 420 3410 David
443 3367 518 3430 rege
533 3367 566 3410 es
584 3367 641 3412 nso
657 3345 827 3414 Salomone
848 3349 1027 3432 sapiencior
1047 3353 1103 3414 aut
1118 3347 1230 3434 Samp-

77 3475 157 3519 sone
180 3450 322 3518 lorcior?
357 3449 457 3516 Vetus
473 3451 624 3517 delictum
642 3453 702 3518 hoo
725 3456 782 3532 est,
798 3475 856 3518 nec
869 3454 944 3532 scio,
968 3453 1039 3538 quis
1056 3475 1093 3519 eo
1115 3457 1231 3518 careat.

78 3557 159 3624 late
191 3559 282 3642 petet
314 3555 371 3621 heo
392 3558 508 3640 pestis,
540 3557 567 3622 si
599 3559 696 3642 pestis
720 3563 777 3637 est,
805 3559 1005 3624 naturalibus
1027 3557 1110 3626 uti¹.
1155 3557 1232 3625 Tuis

77 3665 181 3750 igitur
205 3660 340 3746 inepcijs
362 3662 496 3746 posthae
531 3665 659 3729 modum
681 3670 803 3730 statuas
837 3664 1011 3749 morboque
1034 3667 1096 3730 isto
1119 3686 1230 3748 proca-

78 3768 187 3834 citatis
210 3768 260 3832 uti
284 3767 399 3832 desine.
447 3765 599 3833 Videmus
622 3769 705 3833 enim
729 3791 802 3853 sepe
824 3770 953 3853 gravius
982 3769 1141 3835 offendere
1162 3771 1231 3836 ani-

82 3895 151 3939 mos
173 3872 357 3938 auditorum
380 3893 442 3953 eos,
465 3874 519 3960 qui
542 3874 646 3940 aliena
670 3874 799 3959 flagicia
820 3879 929 3959 aperte
952 3876 1112 3954 dixerunt,
1135 3897 1229 3960 quarn

81 4001 143 4058 eos,
165 3978 222 4064 qni
247 3979 484 4044 commiserunt.

166 4083 281 4150 Postea
304 4085 377 4168 plus
400 4107 496 4170 quam
518 4084 716 4168 impossibile
732 4085 810 4150 reris
828 4083 864 4168 [f.
883 4086 972 4168 2811,
989 4085 1092 4150 virum
1108 4083 1231 4149 diucius

78 4190 110 4254 in
135 4190 227 4255 bouis
250 4211 438 4274 permanere
461 4189 620 4273 operibus,
643 4189 698 4272 qui
722 4187 879 4254 malorum
903 4190 1028 4256 assidua
1052 4187 1158 4252 utitur
1179 4207 1229 4252 so·

647 4303 664 4340 e

154 4419 168 4471 l
189 4415 255 4488 Vgl.
275 4416 329 4473 den
348 4416 423 4472 briel'
439 4416 487 4473 des
497 4417 574 4472 Ense
586 4413 672 4473 Silrio
690 4434 727 4470 an
745 4416 839 4472 seinen
853 4419 934 4471 vater
948 4415 1001 4488 [ep.
1014 4416 1046 4470 15
1059 4416 1107 4471 der
1122 4413 1231 4471 Ntlrnb.

79 4506 225 4576 ausgsbeJ.

130 4611 239 4658 seusu.
987 4594 1017 4650 ll
