2990 5068
631 407 694 471 119

79 583 228 647 doctrina
254 581 386 648 inducor
408 582 562 648 dioeniis:
598 581 729 648 »Sermo
759 582 845 646 rudis
868 603 967 667 usque
998 583 1037 648 ed
1060 603 1114 648 oor
1138 603 1232 664 pene·

81 691 156 766 iret,
179 687 303 772 politus
325 693 430 753 autem
455 689 557 772 pasoii
580 707 702 753 aures«

166 791 253 858 Volo
275 799 504 877 consequenter
527 797 559 858 ie
583 814 646 859 non
662 791 762 858 latere
785 797 818 857 ei
834 793 985 858 memorie
1003 792 1234 871 commendare,

80 897 163 982 quod
188 898 335 983 quemvis
351 898 458 963 omnis
473 903 549 962 suni
564 898 596 962 in
614 898 707 963 deum
723 897 898 964 ordinanda
913 897 1062 977 finaliter,
1086 902 1235 982 utsupra

79 1003 290 1068 vociferatum
315 1008 372 1080 esi,
395 1024 458 1068 non
483 1007 590 1068 tamen
612 1003 650 1068 de
673 1003 863 1068 necessirare
892 1007 968 1067 suni
989 1003 1097 1067 omnia
1119 1003 1233 1068 imme·

78 1108 163 1173 disis
186 1115 221 1173 et
245 1107 347 1174 solum
365 1108 398 1171 in
421 1107 515 1172 deum
538 1107 735 1189 ordinanda,
759 1109 835 1192 quia
862 1111 937 1173 suni
959 1106 1053 1173 mulii
1077 1107 1155 1172 fines
1177 1108 1233 1173 ad·

79 1213 215 1280 invicem
231 1213 441 1291 subordinari,
465 1214 498 1276 in
515 1235 593 1298 quos
609 1217 694 1279 recte
712 1235 762 1279 res
777 1213 918 1280 ordinari
934 1217 967 1278 ei
981 1211 1100 1278 referre
1118 1217 1233 1298 potest.

81 1316 239 1385 Ultimaie
263 1323 369 1384 temen
394 1323 499 1383 ioium
523 1319 721 1384 referendum
737 1324 786 1384 esi
804 1321 837 1384 in
860 1320 952 1385 deum
978 1323 1011 1384 ei
1026 1319 1059 1384 iu
1083 1319 1234 1405 einsglo·

79 1425 166 1490 riam
218 1423 427 1508 Exemplum:
459 1424 554 1490 homo
577 1429 664 1490 reoio
687 1425 797 1490 ordine
828 1427 861 1490 ei
883 1425 1065 1490 intencione
1088 1425 1157 1491 vuli
1180 1445 1232 1490 oo·

79 1533 202 1596 medere
227 1535 361 1614 propter
384 1528 453 1606 hoc,
478 1529 562 1614 qood
584 1528 686 1614 possit
707 1532 813 1594 vivere
839 1565 883 1578 -·
902 1551 966 1596 non
989 1531 1076 1595 enirn
1100 1530 1234 1594 vivimus

79 1640 211 1721 propior
235 1635 304 1712 hoo,
329 1638 365 1700 ui
387 1634 595 1713 comedamus,
629 1635 683 1699 sed
707 1634 909 1715 comedimus,
932 1639 969 1700 ut
992 1635 1099 1700 vivere
1121 1655 1233 1719 possu-

80 1763 146 1806 mus
155 1741 192 1826 (!)
207 1775 245 1787 -
258 1745 291 1806 ei
300 1737 335 1827 [i.
345 1739 436 1824 248Ἷ
448 1741 518 1805 vuli
533 1740 639 1805 vivere
652 1744 784 1824 propter
794 1739 863 1820 boo,
877 1744 914 1805 ui
930 1740 1031 1824 possid
1042 1761 1139 1824 opera
1153 1740 1234 1804 bona

79 1851 108 1910 et
130 1846 215 1911 insto
240 1844 364 1929 operari
389 1849 521 1929 propter
545 1845 613 1926 hoo,
636 1851 674 1911 ui
696 1847 772 1911 deus
794 1846 848 1911 ded
869 1846 931 1911 eibi
956 1846 1055 1911 viiom
1080 1849 1232 1925 eternam,

80 1958 110 2016 et
132 1951 203 2016 ruli
230 1951 345 2016 hebere
369 1951 467 2016 vihm
491 1954 635 2016 odernam
658 1972 721 2018 non
745 1955 877 2034 propter
905 1950 963 2016 hoc
987 1949 1101 2028 solum,
1126 1955 1163 2015 ui
1187 1951 1233 2016 ibi

79 2057 155 2122 bene
177 2058 225 2121 sit
246 2056 307 2121 sibi
327 2056 442 2121 -hoc
464 2057 547 2121 enim
572 2061 655 2122 esset
670 2057 782 2122 sistere
797 2056 938 2121 finaliter
960 2055 994 2120 in
1017 2055 1121 2140 seipso
1144 2059 1177 2120 ei
1199 2057 1231 2121 in

78 2183 130 2227 suo
155 2164 240 2228 bono
263 2166 295 2226 ei
317 2161 482 2228 commodo
497 2197 542 2208 -
557 2163 611 2227 sed
636 2167 771 2247 propter
794 2161 864 2241 hoc,
888 2166 925 2227 ui
941 2163 986 2226 ibi
1013 2183 1137 2247 semper
1160 2183 1232 2246 per-

80 2268 156 2332 iecie
186 2273 220 2332 et
243 2271 461 2332 consummate
494 2266 613 2331 serviat
635 2267 771 2332 erectori
811 2287 868 2331 suo
891 2271 924 2331 ei
946 2267 1050 2351 ipsum
1074 2266 1233 2350 glorificet

80 2373 109 2436 in
132 2375 289 2437 eternum.
336 2371 378 2436 ut
408 2373 454 2437 sic
475 2371 626 2438 comestio
655 2393 711 2456 per
741 2370 845 2437 multa
867 2371 951 2436 bons
972 2371 1076 2436 medis
1099 2374 1132 2436 ei
1154 2371 1231 2436 fines

78 2477 302 2544 subordinsios
325 2478 462 2543 refertur
483 2477 628 2543 finnliier
652 2477 686 2541 in
709 2478 801 2543 deum
825 2483 858 2542 ei
874 2477 940 2542 eius
956 2476 1104 2562 gloriam,
1128 2479 1164 2540 ui
1187 2474 1232 2540 sio

82 2584 111 2647 in
133 2583 286 2649 omnibus
307 2581 505 2666 glorificetur
527 2584 604 2649 deus
621 2630 780 2650 ........
805 2581 963 2667 Egredere
986 2581 1098 2666 igitur,
1125 2600 1231 2664 queso,

79 2689 114 2753 de
135 2690 205 2755 ocio
228 2688 269 2753 ad
293 2687 442 2766 laborem,
466 2689 505 2754 de
528 2689 641 2754 umbra
668 2689 708 2753 ad
733 2687 845 2766 lucem,
868 2687 908 2752 de
933 2685 1088 2753 Bobilone
1112 2685 1231 2751 Jheru-

81 2795 173 2859 selem
197 2799 233 2858 ei
255 2794 414 2858 abstineas
437 2794 477 2858 ab
501 2795 571 2873 his,
601 2816 736 2878 quorum
758 2793 832 2858 finis
863 2798 912 2858 esi
941 2793 1032 2858 dolor
1066 2792 1177 2858 moriis
1200 2797 1233 2857 eb

82 2899 277 2966 execncionis
288 2898 483 2964 amarissime
498 2949 503 2962 .
519 2898 624 2982 ...[f.
634 2897 713 2983 249]
725 2950 732 2963 .
744 2948 750 2962 .
761 2950 769 2965 .
779 2896 873 2964 Certe
895 2897 966 2962 dico
988 2918 1048 2982 ego
1070 2919 1141 2962 oum
1165 2897 1231 2982 pis·

81 3011 186 3070 cotors
208 3005 387 3082 hominum,
409 3003 559 3069 videlieet
583 3005 675 3069 beato
696 3003 811 3070 Petro:
838 3002 947 3069 »Vado
971 3003 1115 3086 piscari«
1160 3000 1231 3067 Uti-

83 3131 151 3174 nam
174 3109 366 3175 vociferatos
388 3130 460 3175 oum
485 3109 587 3174 beatis
609 3109 762 3193 apostolis
773 3107 824 3174 Jo.
842 3109 881 3173 21
900 3105 1121 3194 dicenii[bu]s:
1148 3105 1230 3171 »Ve-

83 3217 183 3280 nimus
210 3221 245 3280 et
267 3235 324 3280 uos
347 3220 490 3294 tecum‚‹
528 3219 645 3280 sinon
670 3235 814 3293 curares,
839 3213 911 3300 quis
940 3217 1084 3279 nostrum
1108 3233 1230 3278 saccum

86 3325 237 3402 portaret.
283 3318 447 3384 Hactenus
468 3319 605 3385 militavi
629 3320 662 3385 in
685 3319 881 3386 vanitatibus
902 3318 1022 3396 seculi,
1055 3338 1139 3383 nuno
1160 3316 1232 3381 volo

83 3425 219 3491 militere
242 3424 301 3490 deo
324 3445 394 3490 meo
417 3446 474 3508 per
496 3425 587 3491 illam
612 3426 766 3492 modicam
789 3425 965 3504 morulam,
990 3445 1051 3510 que
1075 3422 1155 3488 mihi
1178 3445 1230 3488 su·
1278 3489 1282 3495 ,

84 3537 184 3612 pereat
219 3536 254 3595 ei
283 3530 366 3596 isoes
396 3551 465 3596 mee
494 3532 666 3597 senectutis
700 3532 843 3617 ymolore
873 3530 1029 3595 altissimo
1041 3577 1172 3595 .......
1196 3525 1231 3592 Si

84 3635 172 3701 dieis:
200 3657 283 3701 »non
298 3636 351 3700 ibo
367 3643 482 3717 usum,
504 3637 580 3724 quia
594 3636 833 3722 nescioloquh,
857 3636 941 3716 sudi,
970 3635 1107 3718 benigne
1121 3633 1231 3714 frater,

85 3740 248 3805 consilinm
271 3761 386 3805 meum.
435 3739 547 3806 Yssiss
570 3742 727 3826 propheta
749 3745 840 3807 sexio
862 3739 1006 3823 capitulo
1029 3738 1123 3805 dicit:
1162 3737 1231 3804 ›Ve

87 3846 186 3923 michi,
223 3845 298 3930 qnia
328 3847 445 3926 moui«,
476 3847 584 3912 eodem
620 3845 778 3931 capitulo:
818 3845 916 3911 »Eoos
939 3864 1008 3929 ego,
1032 3845 1125 3910 mihis
1150 3866 1228 3909 me«.

84 3949 232 4017 Jeremias
255 3972 381 4037 qnoque
402 3951 450 4016 ait
472 3975 499 4016 o.
519 3953 553 4017 l:
579 3951 640 4031 ›A‚
659 3974 688 4030 a,
705 3973 735 4032 a,
758 3951 885 4018 domine
908 3951 1012 4016 nescio
1037 3950 1125 4034 loqui
1148 3955 1227 4014 etc«

88 4054 170 4131 Quod
193 4077 275 4122 nnus
299 4057 465 4122 humiliter
486 4058 595 4142 peoijo
618 4057 700 4123 alius
727 4057 932 4122 laudabiliter
955 4055 1092 4138 expavit.
1143 4051 1230 4119 Unus

88 4157 119 4244 [i.
133 4159 222 4250 249⁶]
235 4161 338 4226 voluit
353 4161 506 4246 proximis
522 4161 679 4245 prodesse,
697 4161 780 4226 alius
788 4159 935 4225 inherere
945 4159 1046 4223 amori
1058 4157 1230 4223 conditoris

88 4287 139 4347 per
147 4267 460 4353 contemplacionem.
479 4265 600 4333 Bonum
615 4271 664 4332 ei
672 4265 839 4332 sollicitari
852 4287 924 4330 oum
931 4263 1068 4343 Martha,
1075 4263 1128 4328 sed
1141 4263 1230 4348 quie·

88 4370 148 4436 cius
162 4379 209 4438 ost
222 4373 329 4440 sedere
344 4374 383 4439 ad
400 4374 494 4458 pedes
510 4373 629 4439 domini
641 4371 663 4437 J
664 4372 758 4438 hesua
774 4394 845 4438 oum
861 4369 972 4436 Maria.
1007 4369 1099 4434 Mene
1116 4368 1230 4454 igitur,

90 4477 240 4544 carissime
264 4478 372 4560 frater,
395 4501 466 4545 oum
488 4477 628 4545 Jereruia
658 4483 691 4544 ei
716 4477 818 4543 Maria
843 4474 1050 4562 Msgdslene‚
1074 4496 1135 4560 que
1157 4495 1228 4540 oum
