2990 5068
826 417 868 482 90

264 590 325 656 eibi
349 591 383 656 in
405 589 509 656 literis
541 597 597 657 aut
618 591 681 656 iem
715 589 821 656 allatis
855 589 906 655 rel
937 591 969 656 in
1003 591 1053 657 vie
1085 591 1188 657 adhuc
1217 591 1418 676 porrigendis

264 695 379 779 legavi.
415 694 504 780 Rogo
520 701 715 782 quapropter
738 697 843 776 etiam,
867 701 903 761 nt
925 697 952 760 si
976 697 1052 782 qnid
1069 698 1153 776 novi,
1176 698 1261 782 quod
1285 719 1415 781 parvom

267 799 358 880 foret,
382 799 606 885 adipisceretis,
631 800 725 866 huius
740 823 790 865 me
803 801 991 886 participem
1022 799 1150 889 [lacere]
1177 823 1241 866 non
1266 803 1419 886 dedigne-

265 904 351 968 retis.
383 903 429 968 Ex
449 903 588 970 Wienna
610 903 643 968 2⁰
665 925 763 970 nonas
785 905 937 989 februarij
962 927 1046 972 anno
1070 905 1164 972 1462.

352 1113 519 1180 Sacrorum
544 1137 698 1182 canonum
722 1115 857 1201 virgulis
880 1115 995 1182 fulcito
1013 1010 1418 1205 Udelrilclshilllsdielnibrot]

265 1243 322 1286 nee
346 1242 409 1288 nou
435 1220 468 1284 in
504 1221 621 1288 eisdem
644 1221 833 1298 licencisto,
866 1222 994 1288 domino
1017 1243 1074 1290 suc
1102 1223 1344 1307 spectatissimo
1368 1231 1421 1288 eut

265 1327 314 1391 sui
339 1327 370 1390 in
395 1327 540 1393 absentia
562 1329 648 1412 patri
673 1329 822 1394 eiusdem.

837 1557 872 1631 3.

268 1676 461 1750 Hermann
504 1677 660 1752 Schedel
708 1703 756 1752 au
804 1561 1018 1753 ilertmann
1054 1679 1218 1754 Schedel.
1286 1681 1418 1775 [Auga-

703 1803 798 1898 burg
831 1804 944 1901 1462]
961 1801 984 1877 ¹.

611 1939 675 1994 clm.
693 1941 745 1994 224
762 1941 782 1998 f.
801 1941 881 1996 275⁶.
918 1940 1042 2012 Concept
1054 1943 1072 1995 ².

268 2062 353 2130 Lob
391 2065 468 2130 und
508 2064 773 2150 ermehnung
805 2087 897 2130 num
933 2065 1118 2130 studium
1155 2066 1228 2130 der
1265 2067 1420 2150 poesia

520 2167 795 2255 Empfehlung
818 2171 880 2236 des
905 2168 1164 2236 Lactantius.

355 2307 458 2373 Multa
491 2308 570 2373 mibi
600 2309 638 2374 de
662 2315 717 2375 tua
740 2311 897 2394 prestanti
921 2311 1040 2375 virtute
1063 2311 1184 2394 scripta
1205 2317 1303 2390 sunt,
1337 2311 1416 2376 alins

266 2413 495 2498 benignitatem
509 2416 695 2498 precipuum
712 2417 878 2494 referebat,
905 2413 1011 2480 alius³
1034 2416 1200 2480 mirificem
1217 2414 1417 2482 honestatem

264 2523 361 2603 atque
377 2520 572 2599 modestiam,
593 2521 673 2584 alins
688 2520 888 2604 prudentem,
911 2521 1109 2607 ultraquam
1133 2525 1201 2586 etus
1215 2520 1328 2601 ferret,
1349 2544 1417 2607 pre-

264 2623 399 2689 dicebat.
445 2623 565 2700 Quibus
589 2647 626 2690 ex
649 2627 743 2690 rebus
765 2632 798 2691 et
813 2628 922 2691 nrirari
945 2633 977 2692 te
1000 2627 1149 2692 similiter
1180 2631 1349 2692 atemere
1371 2649 1418 2693 oc·

264 2729 333 2812 cepi
357 2735 389 2793 et
412 2735 574 2816 tamqnam
600 2731 781 2815 prodigium
798 2733 961 2815 putabam,
985 2733 1215 2798 adolescentem
1240 2736 1290 2796 tot
1313 2734 1414 2797 virtu·

266 2834 352 2897 tibus
376 2834 550 2900 elucescere
560 2884 674 2900 ......
690 2834 767 2900 Illas
783 2858 846 2901 non
870 2836 977 2914 retuli,
1000 2843 1037 2900 ut
1060 2838 1217 2921 glorieris,
1241 2859 1306 2903 non
1329 2842 1370 2904 nt
1392 2847 1419 2902 te

268 2939 375 3021 iactes,
398 2941 562 3024 superbias
590 2940 640 3005 rel
664 2941 793 3008 infleris.
840 2940 948 3006 Solum
974 2941 1032 3006 boc
1055 2942 1177 3022 scribo,
1201 2947 1238 3006 ut
1260 2945 1418 3010 custodies

265 3050 393 3111 tuntum
416 3047 533 3112 bonum
558 3053 589 3112 et
611 3069 715 3112 serves
736 3053 768 3112 et
790 3049 964 3131 amplifices
990 3047 1073 3111 bunc
1095 3047 1291 3128 thesaurum,
1316 3055 1355 3115 ut
1377 3051 1419 3114 sic

264 3157 296 3215 te
320 3151 454 3232 habeas,
484 3159 521 3217 ut
542 3154 678 3218 virtutes
703 3158 757 3218 tue
779 3175 851 3218 enm
874 3159 958 3218 etate
981 3162 1124 3218 crescant
1156 3159 1189 3218 et
1212 3155 1269 3218 lias
1293 3156 1327 3220 in
1353 3158 1416 3220 dies

266 3258 447 3335 virtuosior,
472 3281 511 3322 ne
534 3260 566 3322 in
591 3259 708 3324 vicium
731 3259 910 3343 aliquorum
934 3259 1071 3338 incidas,
1104 3260 1158 3344 qni
1191 3260 1265 3324 boni
1289 3259 1420 3326 fuerunt

263 3364 392 3427 iuvenes
414 3370 447 3429 et
470 3365 598 3448 pessimi
621 3386 730 3442 senes,
764 3370 796 3429 et
821 3371 856 3429 ut
879 3365 911 3427 in
944 3365 1131 3449 proverbio:
1169 3365 1288 3430 »bonus
1313 3368 1418 3451 pullus

265 3469 525 3553 maragentus«.
572 3470 640 3552 Ego
664 3470 747 3533 euim
771 3469 874 3552 cupio,
898 3475 935 3533 ut
964 3491 1001 3533 er
1033 3470 1116 3534 bono
1139 3469 1343 3536 adulescente
1370 3473 1419 3536 ties

264 3572 313 3636 rir
336 3575 486 3656 optimus.
532 3573 620 3650 Quod
635 3597 671 3639 eo
688 3574 813 3639 facilius
828 3574 888 3639 tibi
905 3575 976 3652 erit,
1001 3595 1064 3661 quo
1086 3575 1199 3639 melius
1214 3598 1247 3640 es
1263 3577 1415 3641 nutritus.

266 3675 307 3740 Et
329 3699 403 3742 sane
426 3679 518 3742 debes
534 3685 608 3744 ante
623 3683 729 3745 omnin
745 3682 827 3745 dom.
849 3681 970 3746 doctori
986 3678 1132 3768 J0[anni]
1150 3681 1187 3745 de
1206 3678 1419 3767 Ret[isbonel,

265 3785 444 3867 preceptori
467 3787 523 3849 tuo
539 3785 724 3865 clarissimo,
747 3808 800 3850 sen
824 3787 1015 3872 quicumque
1037 3787 1120 3850 alter
1142 3785 1252 3865 fuerit,
1274 3791 1314 3850 nt
1336 3808 1415 3860 reor,

264 3894 371 3973 grates
394 3889 521 3970 referre,
546 3891 600 3974 qui
624 3897 713 3956 tuum
739 3891 877 3955 animum
910 3891 1116 3956 excolendum
1141 3891 1276 3974 putavit,
1309 3892 1418 3974 quite

266 3995 326 4059 sub
359 3995 526 4080 discipline
557 3997 663 4060 tenuit
693 4001 726 4060 et
756 4001 955 4080 preceptores
986 3997 1119 4062 tradidit
1151 3996 1300 4062 eruditos.
1357 3996 1419 4060 Heu

265 4103 347 4165 enim
387 4107 434 4166 est
471 4102 667 4186 amplissima
706 4109 737 4166 et
772 4102 886 4167 melior
923 4104 1073 4186 supellex.
1135 4099 1218 4185 Opes
1265 4101 1351 4166 enim
1389 4107 1418 4165 et

854 4211 872 4245 ἱ·

336 4277 348 4329 l
370 4275 510 4345 Detirung
528 4276 600 4331 nach
618 4275 682 4330 dem
700 4275 858 4346 folgenden,
878 4275 928 4328 des
941 4279 1064 4331 nutwort
1075 4274 1181 4331 dmauf
1190 4275 1235 4329 ist.
1291 4274 1416 4330 2Ereter

265 4364 389 4418 entwurl
399 4365 416 4418 l.
436 4365 495 4420 319.
533 4363 675 4419 Abechrilt
687 4364 868 4429 Hartmunnr,
886 4363 1051 4420 formelhslt
1070 4363 1228 4426 vertudert,
1247 4361 1313 4417 clm.
1333 4363 1385 4417 ⁴18
1397 4363 1416 4414 l.

264 4453 323 4506 265.
380 4451 396 4504 3
414 4451 478 4508 clm.
496 4453 548 4507 418
568 4451 678 4506 werden
697 4450 771 4507 diese
789 4451 877 4507 uther
890 4451 1050 4507 bestimmtr
1072 4451 1134 4520 »qui
1148 4451 1304 4520 aliqnando
1325 4451 1361 4505 ed
1375 4466 1415 4504 me

265 4538 298 4593 de
319 4537 503 4594 universitate
521 4540 637 4595 ueniunt
657 4540 824 4609 hiponensi«.
