3002 5070
631 432 671 495 75

631 675 691 750 34.

73 801 270 874 Hermann
308 798 461 872 Schedel
503 821 550 871 an
579 799 791 872 Hartmaun
828 798 992 872 Schedel.
1038 795 1238 888 Augaburg

501 919 634 1018 [1460]
659 921 730 1014 juli
760 923 821 995 22.

343 1077 406 1130 clm.
426 1075 515 1131 4181.
535 1074 595 1130 268.
633 1075 774 1130 Abschrill
793 1075 974 1129 Hartmanns.

78 1201 308 1267 thscht
347 1221 426 1266 von
464 1202 624 1266 seinen
663 1197 1074 1283 unkunftepliinen
1112 1196 1236 1261 nech-

75 1306 212 1372 richt
258 1288 593 1388 llbersendung
623 1306 738 1369 eines
761 1309 992 1388 gnosceren
1018 1303 1238 1367 birettuns.

166 1441 210 1509 N.
238 1443 415 1528 Bamberge
436 1444 574 1528 degenti.
621 1442 752 1508 Sincera
768 1444 903 1508 caritate
928 1444 1093 1528 premisse.
1140 1440 1239 1507 Venei

76 1549 190 1614 rabilis
214 1545 356 1636 p[atrue]
380 1549 606 1615 colendissime.
652 1549 879 1634 Superioribus
913 1549 1023 1613 diebus
1046 1570 1131 1613 meas
1154 1547 1193 1611 ed
1208 1552 1241 1610 te

79 1656 147 1719 veri
169 1655 293 1721 amoris
317 1660 350 1719 et
373 1656 517 1720 caritatis
540 1656 611 1720 dedi
631 1655 758 1720 litteras
772 1653 792 1733 ¹,
817 1655 847 1718 in
874 1655 989 1738 quibus
1012 1660 1043 1717 te
1067 1652 1240 1737 plurimum

77 1762 110 1824 in
145 1759 256 1825 studio
290 1759 473 1826 litterarum
508 1761 646 1826 feliciter
680 1760 830 1826 inchoato
862 1761 1006 1837 ortabar,
1038 1765 1070 1822 et
1093 1779 1154 1842 que
1177 1757 1241 1820 tib-

78 1866 179 1930 menti
217 1865 343 1944 forent,
375 1889 424 1930 rue
454 1866 583 1950 seriptis
626 1866 792 1931 cerciornri
826 1870 904 1930 tuuc
934 1869 966 1928 et
992 1863 1128 1929 maxime
1159 1883 1243 1927 nunc

78 1971 206 2036 affecto.
257 1969 444 2036 Gousultum
478 1972 557 2036 mihi
589 1973 751 2037 videretur
790 1993 852 2036 non
877 1970 933 2036 abs
957 1993 1009 2048 re,
1043 1975 1077 2034 ut
1101 1974 1133 2033 et
1156 1967 1241 2051 peri·

78 2077 160 2141 ciam
194 2082 283 2141 tuam
318 2077 451 2160 provida
482 2078 654 2142 sedulitate
686 2077 901 2161 continuaque
936 2075 1169 2140 exercitatione
1208 2072 1241 2135 in

81 2182 194 2267 aliqua
227 2183 436 2248 universitate
460 2184 699 2268 frequentarem
731 2183 768 2248 ad
803 2181 921 2246 alciora
945 2182 1029 2245 enim
1052 2178 1243 2263 capescenda

83 2293 138 2352 tuo
160 2287 295 2371 ingenio
318 2309 403 2352 nunc
425 2290 619 2372 permaxime
641 2289 788 2372 vigente,
813 2288 852 2351 ad
876 2287 998 2350 alciora
1022 2286 1055 2349 iu
1080 2283 1168 2348 breui
1192 2302 1242 2345 as·

83 2395 218 2458 cendere
230 2390 290 2480 [te]
304 2398 337 2457 et
350 2394 501 2477 proficere
517 2415 688 2479 sperarem.
713 2391 796 2458 Nam
810 2393 892 2458 sicut
911 2390 1057 2456 manuale
1068 2387 1240 2454 artificium

84 2496 179 2562 realis
200 2497 471 2582 frequentacionis
485 2499 674 2583 operacioue
691 2497 865 2582 perficitur,
888 2497 933 2562 sic
949 2493 1151 2580 sapiencialia
1177 2492 1241 2556 dis-

83 2603 239 2667 crecionis
267 2603 395 2668 lucerne
425 2605 534 2669 crebre
563 2603 803 2669 exercitacionis
833 2624 928 2686 opere
961 2601 1096 2666 fulcitur
1131 2604 1163 2662 et
1186 2618 1245 2681 per

85 2709 299 2794 negligencia
321 2709 487 2794 pigritatis
511 2709 671 2794 ignaviam
696 2709 855 2793 insperate
888 2707 1011 2772 corruit
1032 2707 1065 2770 in
1089 2702 1241 2769 delusum.

86 2815 153 2891 Que
183 2815 287 2898 igitur
309 2815 341 2877 in
366 2814 509 2878 futurum
533 2813 639 2880 faeere
672 2819 728 2880 aut
751 2835 814 2897 quo
838 2813 980 2878 locorum
1010 2817 1043 2876 te
1065 2810 1140 2875 dare
1164 2807 1242 2873 deli·

86 2920 258 2996 tenueris,
282 2919 437 3002 proximis
453 2920 517 2984 tuis
534 2920 662 3004 scriptis
678 2939 727 2984 me
742 2917 909 2983 cereiorari
927 2918 1005 2982 velis
1022 2917 1138 2982 obnixe
1154 2935 1241 2996 rogo.

88 3025 197 3091 Habes
220 3029 254 3088 et
278 3025 409 3088 habebis
432 3037 483 3088 me
504 3046 629 3109 semper
652 3025 691 3089 ad
715 3023 825 3108 quevis
840 3026 896 3085 tua
921 3023 1040 3106 placita
1056 3026 1089 3085 et
1104 3019 1245 3104 prolicua

88 3131 417 3216 obsequentissimum.
464 3131 578 3214 Dirigo
601 3132 662 3195 tibi
686 3152 757 3194 cum
773 3128 971 3213 presencium
995 3131 1159 3192 ostensore
1184 3122 1245 3186 mi-

89 3259 146 3301 nus
170 3237 253 3301 exile
270 3236 434 3316 birmtnm,
459 3236 607 3302 videlicet
621 3235 736 3301 coloris
754 3235 858 3313 bruni,
884 3255 978 3311 ame,
1001 3253 1064 3297 non
1089 3235 1243 3315 quantuni

90 3345 140 3408 sed
158 3364 197 3407 ex
213 3341 352 3428 quanto‚'
368 3342 511 3425 accipere
528 3345 694 3426 gratanter
710 3339 789 3405 velis
805 3339 970 3403 humiliter
985 3358 1049 3402 oro.
1093 3335 1243 3398 Patruurn

91 3457 234 3514 nostrum
260 3445 300 3511 N.
326 3451 358 3512 et
381 3446 514 3512 fratrem
539 3444 654 3511 tuunr²
683 3446 744 3509 mei
768 3467 804 3509 ex
829 3449 921 3527 parte
946 3443 1082 3526 benigne
1105 3440 1244 3504 salutare

91 3554 240 3639 digneris,
266 3573 401 3636 quorum
417 3557 603 3637 provectum
618 3555 651 3615 et
665 3550 835 3614 sanitatem
852 3569 1041 3632 prosperam
1058 3566 1122 3610 uon
1140 3544 1245 3608 minus

93 3683 185 3744 quam
202 3659 365 3744 propriam
383 3657 574 3723 affectarem.
621 3656 657 3720 ln
675 3678 712 3721 eo
735 3656 846 3737 igitur,
871 3655 903 3718 in
923 3675 985 3738 quo
1001 3652 1142 3717 omnium
1161 3649 1246 3712 salus

95 3771 245 3843 versatur,
276 3764 413 3830 feliciter
443 3769 476 3829 te
505 3763 609 3827 valere
632 3761 747 3846 cupio,
781 3765 893 3844 patrue
927 3755 1150 3822 amantissime.
1200 3753 1245 3818 Ex

96 3869 266 3958 Magneta]
290 3871 359 3956 ipso
382 3871 433 3935 die
457 3871 546 3934 beate
569 3867 670 3934 Meris
696 3866 892 3952 Magdalene.

662 3971 681 4009 ἢ

168 4065 179 4118 1
199 4063 225 4117 S.
245 4061 317 4118 oben
335 4078 378 4116 nr.
398 4062 440 4117 31.
513 4061 530 4114 2
551 4059 660 4114 Marcus
681 4057 738 4112 und
758 4054 903 4124 Georgius.
