3062 5068
670 412 732 477 209

120 591 361 676 ingenuumque
385 589 485 670 decet,
513 589 602 656 nolui
625 589 794 674 preterire,
817 587 894 673 quin
919 585 1085 670 prefatum
1107 587 1278 667 doctorem,
1333 610 1338 622 ·

120 696 229 762 virum
241 696 384 779 profecto
396 694 598 760 humanitate
609 692 824 777 etprudencia
844 691 1009 756 literarum
1022 690 1196 758 multarum
1206 713 1280 776 pre-

120 799 256 880 elamm,
272 801 377 884 legum
393 802 426 864 et
440 820 597 865 canonum
613 799 840 877 doctissimum,
854 795 1111 883 Ciceronis[q]ue
1126 797 1279 883 eloquen-

120 905 170 970 tia
192 904 456 971 iucundissimum
490 906 519 971 d.
543 927 572 970 r.
598 903 907 982 recommendarem,
935 905 968 967 et
990 902 1037 967 ita
1059 923 1137 989 erga
1159 903 1280 986 princi·

121 1031 197 1094 pern
219 1010 472 1076 illustrissimum
499 1010 529 1075 d.
562 1010 673 1075 ducem
699 1009 893 1075 [rudoricum
910 1007 987 1072 ,sibi
1017 1006 1137 1073 auxilio
1159 1008 1281 1091 puriter

121 1121 157 1181 et
178 1113 290 1182 farore
315 1116 462 1180 assistere
494 1119 527 1180 et
556 1136 743 1199 promovere
766 1114 884 1194 velitis,
918 1117 953 1177 ut
975 1112 1080 1178 locum
1101 1113 1200 1178 statui
1224 1135 1280 1178 suo

121 1221 347 1287 condecentem
370 1223 405 1287 in
428 1221 517 1287 curia
539 1221 694 1305 principis
717 1220 856 1285 nancisci
893 1222 990 1303 queat
1012 1218 1193 1284 humillime
1212 1238 1280 1285 oro.

126 1324 240 1392 Virum
264 1327 351 1393 enim
372 1327 565 1393 laudabilem
580 1327 721 1411 principi
736 1346 774 1391 sc
789 1326 893 1410 patrie
908 1323 1117 1391 utilissimum
1139 1325 1172 1388 in
1191 1325 1280 1389 brevi

121 1451 216 1515 spero
248 1453 426 1498 evasurum.
471 1431 593 1498 lndolis
621 1432 705 1498 enim
728 1433 820 1510 bone,
843 1430 1037 1515 optimorum
1060 1451 1194 1508 morum,
1216 1451 1279 1496 non

121 1559 161 1602 cx
185 1538 380 1604 mediocrum
404 1539 554 1623 prosapia
570 1537 790 1622 Nuremberge
811 1540 919 1602 ortum
936 1556 1002 1600 esee
1023 1531 1242 1621 [intelligetis]
1259 1534 1281 1600 ¹.

123 1641 345 1728 Perspioaeius
361 1665 399 1710 ex
421 1645 491 1729 ipso
514 1643 643 1729 singula
664 1642 858 1728 percipietis,
881 1642 958 1707 dnm
980 1641 1042 1708 eibi
1064 1662 1171 1707 eorem
1195 1641 1224 1706 d.
1249 1663 1279 1705 v.

121 1750 210 1835 loqui
234 1750 368 1816 debitur
383 1799 493 1818 .....
517 1749 565 1814 Ex
588 1745 850 1836 Nur[embergs].

596 1973 806 1984 01—-1——1

665 2119 750 2195 104.

248 2261 443 2335 Hermann
461 2261 615 2336 Schedel
643 2285 693 2336 an
721 2245 831 2336 einen
862 2260 1141 2334 unbekannten.

491 2418 555 2474 olm.
571 2417 623 2474 224
642 2418 660 2474 f.
680 2418 741 2474 255.
765 2415 915 2486 Concept².

120 2542 208 2608 Lob
232 2542 300 2607 <les
326 2540 656 2608 beschauliohen
680 2542 838 2608 lebeus.
878 2539 996 2606 Bitte
1019 2562 1080 2604 nm
1104 2538 1280 2606 blicher.

208 2680 351 2746 Sulutem
373 2701 445 2746 oum
470 2682 664 2746 incremento
680 2679 823 2745 omnium
840 2677 994 2744 bonorum
1018 2679 1122 2745 anime
1146 2684 1180 2744 et
1210 2699 1279 2744 cor·

117 2787 221 2871 poris.
269 2785 408 2871 Egregie
441 2785 566 2851 domine
599 2785 709 2850 doctor
738 2783 949 2869 religioseque
978 2788 1086 2869 pater,
1122 2785 1223 2851 maior
1246 2791 1279 2850 et

118 2898 294 2978 preceptor
309 2891 537 2956 colendissimo.
584 2887 747 2973 Cogitanti
762 2888 860 2954 michi
885 2889 947 2972 hijs
962 2889 1073 2954 diebus
1096 2889 1192 2954 huius
1214 2891 1276 2956 mi-

118 2997 272 3063 serabilis
297 2997 363 3062 vite
385 3001 504 3062 statum
526 2995 780 3079 fluctuantesque
807 2994 930 3059 animos
951 2994 1135 3060 mortalium
1159 3017 1198 3061 oe
1220 2995 1275 3060 de·

119 3105 289 3168 tentandos
312 3123 403 3168 ossus
427 3101 522 3166 huius
544 3102 699 3184 temporie
722 3101 755 3164 in
772 3099 818 3164 nil
842 3100 928 3165 aliud
945 3121 1040 3185 quam
1057 3101 1091 3164 in
1108 3099 1174 3166 dies
1195 3123 1276 3167 sem·

117 3229 180 3292 per
202 3209 237 3272 in
261 3209 351 3292 peine
373 3206 561 3291 periclitari,
585 3207 626 3272 ob
641 3206 724 3291 quod
753 3206 979 3289 paternitatem
1003 3210 1140 3270 ecetram
1164 3206 1224 3272 hec
1247 3213 1280 3273 et

119 3317 155 3378 in
189 3313 351 3399 plerisque
376 3317 541 3398 expertum
579 3316 611 3375 et
641 3312 768 3376 doctum
797 3332 855 3394 per
884 3311 981 3395 longa
1004 3315 1183 3394 temporum
1207 3333 1280 3378 cur-

119 3417 225 3484 ricula
248 3417 424 3484 multifarie
444 3417 678 3504 (reddiderunt)
713 3437 749 3481 ec
771 3439 790 3480 a
813 3415 1009 3481 vanitatibus
1032 3417 1130 3483 seculi
1154 3423 1275 3485 retrae-

120 3531 204 3605 tum‚
229 3523 417 3611 religionem
440 3527 506 3589 tam
529 3527 671 3588 sanctam
695 3520 828 3605 atpium
844 3522 1018 3606 suscepisse
1035 3522 1139 3608 [scio]‚
1163 3525 1196 3589 in
1214 3549 1278 3612 qua

121 3653 234 3697 secure
259 3631 366 3697 virere
390 3631 605 3717 securiusque,
629 3631 656 3694 si
680 3629 751 3715 quis
775 3628 956 3714 deliquerit,
988 3636 1135 3715 resurget
1149 3631 1202 3715 (l),
1233 3633 1282 3696 uti

120 3759 186 3804 non
210 3737 322 3803 dubito
345 3738 481 3803 dulciter
494 3737 554 3802 hoc
576 3736 728 3802 haetenus
752 3741 904 3820 metasse.
954 3732 1062 3800 Laudo
1080 3738 1280 3820 propositum

124 3847 158 3908 et
183 3844 304 3909 laetum
327 3847 392 3907 tam
416 3847 572 3908 nanctum.
618 3839 705 3905 Deus
735 3861 793 3904 sna
822 3839 930 3920 gracia
954 3839 1147 3905 incolumem
1171 3862 1225 3906 vos
1250 3848 1282 3906 et

122 3949 156 4013 in
179 3969 272 4013 suum
295 3948 484 4033 obsequium
514 3947 661 4011 stabilire
694 3950 726 4010 et
748 3944 803 4009 din
823 3965 1009 4010 conservare
1039 3944 1138 4024 velit,
1170 3946 1281 4030 auplex

120 4075 187 4120 oro.
235 4051 376 4138 Cognovi
406 4056 439 4117 et
471 4051 692 4136 experimento
724 4050 842 4130 didici,
875 4051 1108 4134 paternitatem
1140 4058 1278 4116 vestram

123 4158 222 4224 michi
244 4157 286 4223 ab
308 4159 440 4223 ineunte
463 4160 548 4222 etate
571 4155 670 4221 fuisse
692 4155 935 4235 amicissimum,
959 4155 1045 4220 omni
1069 4155 1207 4239 (lenique
1230 4154 1280 4219 ia·

124 4285 202 4329 vore
217 4285 255 4330 ac
271 4264 426 4330 bonorum
442 4263 644 4328 exhibicione
660 4283 785 4346 semper
801 4259 995 4345 largifluum.
1043 4257 1149 4325 Unum
1175 4267 1281 4326 tamen

195 4512 454 4581 anrehstrlohen.
526 4527 543 4580 2
566 4525 628 4596 Vgl.
648 4449 859 4594 dseliolgende.

175 4629 283 4678 ΜΝ.
1040 4613 1073 4668 14
