3002 5070
621 394 660 458 81

148 573 214 638 Hec
236 595 255 636 a
276 595 328 640 me
350 573 396 637 sic
418 577 548 636 exarata
570 570 603 634 in
629 570 691 653 hijs
713 571 816 653 magis
838 570 949 654 vigere
970 572 1130 650 arbitror,
1164 572 1219 655 qui

75 700 235 765 numquam
249 677 394 744 Yleliam
410 676 647 761 perlustramur
664 681 720 741 aut
737 696 839 741 mores
861 696 971 741 eorum
995 681 1124 742 norunt.
1165 674 1221 740 Set

79 785 111 847 de
131 785 191 867 lrijs
212 783 300 862 satis,
324 781 473 866 quoniam
496 780 535 846 de
558 781 603 846 eis
627 780 746 846 rectius
768 785 848 865 puto
870 780 974 860 silere,
1004 803 1099 866 quam
1123 802 1224 866 pauca

76 891 178 974 loqui¹
195 935 504 956 .............

153 993 286 1060 Domum
303 999 453 1079 patruum
471 1015 575 1059 meum
593 989 858 1079 H[artnrennum]
871 990 1034 1079 S[cbedel]
1051 1015 1107 1077 pre
1122 1013 1219 1059 cunc·

76 1103 113 1165 tis
132 1101 208 1166 mibi
232 1099 471 1166 dilectissimum
494 1105 598 1167 vestre
621 1100 806 1166 commendo
838 1099 985 1178 caritati,
1007 1098 1042 1164 in
1065 1120 1161 1185 quem
1182 1099 1223 1162 li-

78 1206 270 1272 beralitatem
303 1206 447 1272 doctrine
478 1229 541 1272 non
571 1206 663 1270 modo
686 1205 860 1290 diligenter
886 1211 936 1270 set
967 1209 999 1270 et
1031 1205 1169 1290 benigne
1193 1210 1226 1270 et

83 1311 207 1376 comiter
222 1311 367 1378 conferre
393 1312 498 1376 velitis
521 1311 638 1376 obnixe
655 1331 744 1396 rogo,
761 1310 903 1374 moribus
927 1309 1019 1374 bonis
1033 1314 1067 1375 et
1082 1310 1224 1374 honestis

78 1417 173 1499 ipsum
195 1415 357 1494 imbuatis,
381 1417 466 1502 quod
488 1436 551 1481 non
567 1417 671 1480 minus
695 1413 825 1503 [amoris
838 1413 865 1501 l]
895 1437 990 1499 quam
1012 1416 1155 1481 doctrine
1178 1416 1225 1479 vi·

77 1521 135 1584 deri
156 1521 249 1586 debet
264 1521 415 1586 officium.
462 1519 558 1586 Libet
572 1523 718 1600 mirifice,
741 1523 845 1607 ipsum
864 1522 1023 1586 restrisin
1048 1521 1150 1586 literis
1174 1542 1223 1586 re·

78 1646 196 1691 censere
224 1631 257 1691 et
289 1647 397 1692 earum
421 1627 503 1692 vires
535 1630 567 1691 et
589 1628 731 1692 acciones
761 1627 922 1691 vobiscum
948 1647 1171 1710 recognoscere
1193 1629 1225 1689 et

77 1735 109 1793 ut
129 1731 232 1816 sepius
256 1736 336 1814 aput
359 1753 409 1797 nnc
431 1753 486 1796 sue
509 1737 716 1816 compareant
738 1731 872 1817 epistole
904 1737 936 1796 et
966 1753 999 1796 se
1022 1733 1055 1796 in
1079 1733 1123 1796 eis
1145 1731 1225 1797 scri·

76 1835 177 1900 bondis
198 1836 398 1914 assuefaciat,
421 1841 458 1902 ut
473 1837 594 1921 pariter
617 1843 650 1904 et
664 1843 778 1903 ornate
793 1842 826 1903 et
848 1858 988 1922 congrue
1017 1837 1122 1902 dicere
1145 1838 1225 1902 inci·

77 1941 139 2021 piat
160 1945 193 2005 et
214 1947 420 2019 consuescat,
454 1941 538 2026 quod
562 1963 625 2005 non
649 1963 761 2025 parum
785 1941 846 2006 sibi
869 1941 907 2006 ad
931 1941 1149 2027 eloquenciam
1174 1962 1225 2006 ca-

77 2047 256 2126 pescendam
286 2047 415 2126 valebit,
447 2047 480 2110 in
504 2067 567 2132 qua
597 2046 691 2112 decus
721 2051 754 2110 et
776 2052 1001 2112 ornamentum
1023 2068 1088 2112 non
1113 2068 1225 2132 parum

76 2152 240 2218 consistere
268 2152 403 2217 videtur.
449 2149 539 2228 Quod
570 2149 664 2216 facile
698 2151 804 2234 ipsum
835 2152 968 2235 adipisci
1000 2173 1174 2236 sperarem,
1198 2153 1225 2214 si

77 2275 198 2338 operam
222 2257 337 2322 bonam
361 2257 487 2342 legendi
508 2262 652 2328 oratores
675 2263 708 2323 et
729 2261 840 2342 poetas
862 2255 1052 2324 adhiberet¹
1071 2311 1077 2325 .
1096 2309 1103 2324 .
1122 2307 1155 2323 ..

626 2655 687 2728 36.

78 2789 264 2864 Hermann
297 2791 451 2867 Schedel
478 2817 526 2866 an
559 2793 775 2868 Hartmann
804 2793 969 2869 Schedel.
1026 2795 1228 2890 Augsburg

495 2917 625 3014 [1460]
655 2923 750 3013 aug.
773 2920 808 2992 9.

294 3070 358 3124 clm.
376 3069 427 3124 224
447 3071 465 3124 f.
486 3071 535 3127 251
556 3071 667 3142 einlage
685 3071 715 3126 in
735 3087 821 3127 verso.
859 3069 1008 3141 Conceptl.

82 3191 369 3279 llrmabnung,
392 3197 481 3260 sich
507 3220 556 3261 au
579 3195 802 3263 Johanncs
834 3199 879 3262 de
904 3197 1144 3262 Ratisbona
1167 3221 1230 3262 en·

503 3303 800 3370 ruechliessen.

163 3441 213 3504 Me
230 3442 393 3523 integrum
409 3462 534 3526 semper
548 3443 639 3507 habe.
686 3443 798 3506 Amice
814 3463 854 3506 ac
868 3447 983 3526 patrue
999 3443 1232 3506 amantissime!

82 3545 304 3628 Superioribus
327 3545 438 3610 diebus
461 3549 534 3613 dnm
558 3549 661 3613 adhuc
684 3549 790 3631 patria
806 3545 939 3612 native⁴
957 3552 988 3611 te
1006 3548 1122 3628 tenuit,
1144 3549 1181 3612 ad
1199 3554 1232 3613 tc

82 3670 146 3714 mea
169 3651 239 3714 misi
263 3651 392 3736 scripta,
417 3653 449 3716 in
474 3655 589 3738 quibus
613 3654 800 3737 plurimum,
834 3655 880 3718 uti
903 3654 983 3718 alias
1005 3656 1170 3732 consuevi,
1201 3661 1234 3718 te

82 3753 248 3837 hortabar,
282 3761 318 3821 ut
340 3757 432 3822 iuxta
455 3759 662 3841 capacitatem
688 3759 828 3842 ingenij,
858 3781 921 3843 qua
944 3781 1001 3842 pre
1024 3759 1140 3823 ceteris
1162 3759 1232 3823 lau·

81 3856 183 3937 daris,
206 3861 455 3926 adulescentiam
479 3866 564 3926 tuam
590 3863 681 3926 bonis
704 3884 738 3927 ae
762 3863 893 3948 optimis
915 3862 1091 3946 disciplinis
1114 3864 1232 3928 literis·

648 3967 666 4001 ὕ

151 4035 163 4086 1
183 4033 267 4105 Folgt
284 4033 331 4090 dis
348 4033 573 4091 conventionalia
590 4034 829 4105 eutsohuldigung
847 4035 896 4090 des
915 4037 1051 4106 angriffs,
1072 4053 1146 4106 gans
1165 4035 1234 4090 abn-

83 4115 135 4172 licb
155 4121 207 4177 aris
224 4141 246 4178 a.
265 4121 293 4176 b.
312 4122 351 4177 im
370 4121 459 4178 briola
476 4141 513 4180 en
532 4122 711 4180 Gossembrot
724 4141 766 4178 nr.
780 4123 804 4177 9.
887 4123 1027 4194 2Folgen
1046 4124 1139 4194 einige
1151 4123 1234 4193 plura·

83 4221 129 4261 sen
147 4227 211 4264 anm
229 4210 292 4267 lobe
310 4210 359 4266 der
373 4209 482 4266 dichter
500 4211 558 4266 und
576 4211 683 4270 rednsr.
737 4213 754 4267 3
772 4211 840 4267 l'ast
857 4210 1086 4281 gleicblautende
1098 4210 1235 4266 abscbrilt

88 4291 257 4354 Hartmannr
275 4299 340 4355 olm.
359 4299 411 4355 418
430 4299 449 4356 l.
467 4299 552 4372 263⁵,
577 4301 635 4354 Aue
654 4299 743 4355 dieser
761 4299 861 4354 datum
880 4297 938 4354 und
951 4299 1141 4354 untsmchrift
1169 4299 1235 4354 Jalu-

87 4385 191 4440 roraahl
210 4387 282 4444 nach
300 4387 364 4445 (lem
382 4385 485 4442 inhalt.
525 4380 526 4386 '
609 4386 774 4443 41ueiner
795 4390 889 4443 ersten
908 4387 1098 4442 vernorlenen
1119 4387 1236 4455 lassug

87 4470 135 4524 sui
151 4471 309 4530 demrelben
326 4475 405 4530 blatt
417 4474 645 4530 durobstriohenr
665 4473 874 4544 Nurembcrga3
893 4475 950 4544 egl.
972 4473 1043 4616 obpn
1061 4491 1083 4530 s.
1102 4476 1156 4530 71¹.

136 4576 240 4626 Senmet,
