3002 5070
832 423 876 490 28

826 638 881 710 12.

278 760 404 834 Ulricb
451 761 692 834 Goasembrot
737 783 786 832 an
827 759 1022 832 Hermann
1065 757 1229 833 Schedel.
1294 759 1422 854 [dugs-

714 881 821 979 burg]
855 885 954 957 1458
970 878 991 956 ¹.

276 1034 339 1092 clm.
358 1034 410 1089 224
429 1035 447 1088 l.
467 1033 518 1089 358
532 1031 599 1088 Μ.
614 1032 751 1104 Original.
765 1063 799 1074 —
811 1033 938 1091 emeat
955 1033 975 1088 i.
985 1033 1038 1090 318
1047 1032 1078 1089 ff.
1112 1031 1259 1090 Abschrift
1272 1033 1423 1090 Hartmann

358 1121 496 1179 Schedels.
534 1123 591 1177 Ans
608 1121 698 1178 dieser
723 1121 768 1178 die
782 1122 953 1194 jabresaahl.
993 1121 1020 1177 S.
1040 1122 1111 1178 anch
1133 1123 1221 1178 unten
1240 1139 1282 1176 nr.
1302 1121 1345 1176 23.

376 1229 529 1295 Rflbmt
552 1228 728 1294 Schedel
751 1231 817 1294 als
840 1230 1103 1295 humanisten
1127 1228 1205 1294 und
1228 1233 1329 1294 arat

366 1368 533 1436 Udalricus
564 1368 770 1454 Gossemprot
801 1370 937 1437 salutem
973 1370 1146 1456 plurimam
1183 1369 1263 1434 dicit
1300 1368 1424 1436 domino

275 1477 461 1541 Hermanno
484 1497 540 1539 suo
564 1476 787 1540 colendissimo
820 1477 943 1542 maiori.
990 1474 1188 1560 Quamquam
1212 1495 1271 1539 nec
1293 1475 1357 1539 mei
1379 1475 1423 1539 iu·

275 1580 395 1668 genioli
419 1581 540 1645 viribus
571 1601 628 1645 nec
649 1581 875 1646 exercitatione
906 1581 944 1646 ad
971 1585 1096 1645 tantum
1123 1580 1238 1657 virum,
1262 1586 1356 1646 tanto
1379 1602 1423 1644 aa·

274 1685 398 1770 piencia
429 1691 460 1750 et
483 1686 673 1751 auctoritate
702 1685 939 1751 ornatissimum
965 1687 1105 1750 scribere
1131 1684 1246 1748 audere
1270 1685 1422 1760 deberem,

273 1812 344 1856 cum
361 1787 574 1875 praesertim¹
598 1791 687 1855 nulla
704 1791 921 1876 superioribus
940 1791 1136 1874 temporibus
1153 1795 1228 1854 ante
1244 1812 1351 1856 meum
1372 1792 1421 1855 ad·

273 1902 401 1961 ventum
427 1897 644 1962 intercesserit
670 1897 717 1960 vis
742 1897 912 1976 amiciciae,
936 1902 1042 1962 tamen
1075 1917 1134 1980 pro
1159 1895 1282 1979 ingenii
1304 1897 1421 1962 viribus

275 2007 495 2088 quantumque
518 2001 596 2066 mibi
620 2001 757 2068 facultas
780 2003 1015 2086 suppeditabit,
1038 2003 1173 2068 scribam
1198 2001 1259 2067 hoc
1280 2006 1422 2086 tempore

272 2109 311 2173 ad
336 2114 386 2188 te,
419 2108 468 2171 vir
489 2107 670 2175 clarissime.
717 2107 785 2173 Nec
808 2108 890 2172 eninr
922 2113 1081 2173 sumtum
1111 2108 1199 2172 tenui
1229 2107 1422 2191 cogitatione

272 2213 445 2296 praeditus,
468 2214 630 2298 quodnisi
653 2221 726 2280 tuae
751 2215 938 2280 confiderem
960 2213 1154 2279 humanitati
1170 2213 1340 2297 singulari,
1364 2235 1422 2298 qna

271 2338 390 2398 omnes,
414 2319 599 2404 praesertim
625 2321 802 2405 genitorem
828 2341 930 2384 meum
954 2319 1190 2402 complecteris,
1222 2318 1328 2382 minus
1350 2341 1420 2402 pru·

271 2425 382 2488 denter
406 2424 550 2490 lacerem.
606 2423 768 2489 Persuasit
802 2425 929 2511 quidem
951 2431 1008 2490 tua
1031 2425 1230 2499 humanitas,
1255 2445 1343 2488 meas
1365 2422 1419 2490 tibi

272 2528 392 2608 literas,
409 2528 655 2615 qualescumque
673 2536 785 2610 essent,
801 2533 998 2616 gratissimas
1017 2533 1091 2608 lore,
1108 2531 1161 2596 ille
1178 2532 1286 2609 etiam,
1304 2531 1361 2615 qui
1376 2531 1419 2596 ius

270 2635 435 2717 proprium
466 2639 719 2719 perpetuumque
743 2636 774 2700 in
800 2659 849 2700 me
872 2635 977 2716 habet,
1002 2659 1072 2701 cum
1100 2637 1138 2701 de
1160 2637 1226 2701 tuis
1249 2635 1420 2700 virtutibus

270 2759 373 2802 sermo
390 2739 560 2816 incidisset,
584 2741 685 2820 iussit,
710 2747 746 2804 ut
764 2748 805 2818 te,
831 2743 878 2803 vir
894 2741 1107 2820 celeberrime,
1131 2741 1316 2824 diligerem,
1340 2741 1418 2806 cole-

270 2865 336 2907 rem
359 2865 394 2907 ac
418 2865 573 2924 amarem,
598 2845 680 2928 quod
706 2847 773 2929 ipse
798 2866 990 2930 magnopere
1013 2845 1102 2924 facit,
1126 2868 1196 2911 cum
1221 2845 1258 2910 ad
1283 2844 1418 2910 alterum

269 2953 354 3014 certe
378 2949 489 3013 horum
520 2948 666 3033 exemplo
696 2951 960 3034 testimonioque,
994 2951 1031 3015 ad
1056 2955 1227 3036 utrumque
1248 2971 1322 3014 vero
1346 2949 1420 3015 satis
1482 2993 1483 3004 ι

268 3054 390 3118 valeret
412 3055 613 3133 auctoritate,
637 3063 706 3121 tum
730 3079 793 3141 quo
810 3057 992 3141 prompcior
1004 3077 1101 3122 essem
1117 3063 1245 3140 praeter
1269 3079 1315 3130 ea,
1340 3077 1418 3142 quae

268 3160 370 3224 multa
392 3160 430 3225 da
454 3160 630 3240 tedixerat,
654 3162 794 3226 ostendit
816 3162 985 3246 epistulam
1019 3168 1107 3228 tuam
1135 3183 1192 3228 sno
1216 3161 1417 3245 magistratui

267 3263 426 3329 faventem
443 3263 467 3344 ⁸,
499 3266 677 3351 elegantem
708 3289 783 3330 sane
816 3271 848 3331 et
877 3268 1035 3331 suavitate
1068 3267 1194 3352 plenam
1225 3288 1261 3332 ac
1289 3267 1322 3331 in
1359 3287 1418 3351 qua

267 3370 403 3434 maxime
434 3376 470 3435 ut
501 3372 533 3436 in
569 3373 696 3456 speculo
726 3373 899 3437 virbonus
933 3373 1070 3456 prudens
1093 3378 1124 3437 et
1148 3374 1259 3438 doctus
1281 3371 1420 3438 eluceret

268 3473 350 3537 baud
375 3477 535 3560 ambiguis
558 3477 669 3561 signis,
694 3500 756 3561 qua
780 3500 817 3541 ex
840 3501 875 3541 re
899 3480 1169 3563 quantamauime
1190 3478 1417 3543 iocunditatem
1481 3511 1482 3518 .

266 3581 404 3662 ceperim
428 3603 491 3644 non
513 3581 607 3646 facile
630 3581 774 3646 dixerim.
822 3581 970 3648 Plautum
1001 3584 1086 3648 enim
1109 3589 1269 3650 vetustum
1294 3605 1416 3650 comoe-
1481 3569 1482 3584 ¹

266 3685 388 3751 diarum
424 3689 612 3772 scriptorem
645 3695 677 3753 et
706 3689 895 3753 faceciarum
929 3697 1092 3774 parentem
1119 3698 1190 3755 tuos
1213 3695 1347 3774 penates
1370 3691 1416 3754 in·

265 3791 368 3856 colere
392 3799 424 3857 et
447 3793 655 3858 humanitatis
689 3794 847 3880 hospitem
871 3797 1036 3880 perspexi,
1060 3799 1266 3882 quamobrem
1290 3797 1361 3862 iure
1383 3817 1417 3860 ac

264 3898 379 3962 merito
406 3905 480 3963 tuae
505 3898 617 3979 famae,
634 3901 785 3984 dignitati
808 3901 992 3986 gloriaeque
1008 3901 1107 3982 faveo,
1129 3925 1200 3969 cum
1216 3923 1327 3967 omnes
1343 3923 1414 3988 gra·

831 4008 852 4045 ὕ

337 4076 346 4127 1
369 4071 439 4128 Dasa
458 4073 507 4126 der
527 4073 601 4128 brial
618 4074 688 4129 noch
707 4073 736 4128 in
749 4073 899 4144 Augsburg
917 4075 1154 4143 gescbriebenist,
1173 4094 1249 4132 musa
1264 4094 1331 4132 man
1346 4078 1415 4134 wohl
1480 4055 1481 4082 ³

262 4162 332 4216 nach
353 4161 415 4216 dem
437 4161 521 4214 »haec
533 4160 614 4214 urbs«
636 4161 674 4215 im
694 4163 755 4216 text
774 4161 811 4232 [p.
823 4162 857 4217 29
870 4162 888 4218 l.
902 4163 929 4234 2]
943 4163 1108 4219 annebmen.
1140 4165 1225 4221 Soast
1237 4172 1313 4222 ware
1331 4181 1415 4234 unge

261 4264 427 4317 awuugener
445 4247 543 4300 Padua
563 4265 595 4300 au
615 4251 768 4304 varmuten.
858 4249 874 4304 2
894 4250 1072 4307 Gossembrot
1096 4252 1218 4308 schreibt
1246 4254 1291 4308 als
1308 4253 1415 4309 acbdler

261 4335 399 4391 Guariuos
417 4335 521 4390 bereite
540 4352 582 4398 ae,
602 4333 681 4388 nicht
699 4351 722 4398 e,
741 4335 808 4390 aber
827 4337 905 4391 nicht
928 4343 1097 4408 consequent
1116 4339 1172 4394 und
1193 4341 1265 4395 auch
1287 4341 1359 4398 wohl
1378 4357 1412 4394 an

260 4421 380 4477 falscber
398 4422 495 4484 stalle;
514 4439 536 4476 s.
554 4421 605 4476 das
619 4422 795 4479 Homercitat
812 4427 899 4480 antea
925 4443 951 4497 p.
970 4427 1004 4483 30
1023 4425 1040 4481 l.
1061 4431 1078 4484 6
1097 4445 1123 4486 r.
1142 4445 1168 4483 u.
1271 4429 1288 4484 3
1308 4429 1349 4485 lrt
1366 4429 1413 4484 der

259 4511 330 4567 oben
350 4527 391 4564 nr.
411 4511 427 4566 9
447 4507 600 4579 gedruckte
619 4509 698 4566 brief.
