2990 5068
804 665 864 738 70.
1480 694 1481 776 p

262 807 455 880 Hermann
477 804 632 879 Sebedal
665 829 713 879 an
741 805 955 880 Hartmann
983 807 1150 887 Sohedel.
1197 807 1425 906 [hugsburg

754 927 916 1028 14oo¹].

500 1058 564 1113 olm.
583 1057 636 1112 224
654 1057 673 1113 l.
692 1057 727 1112 ⁴0
744 1057 857 1128 einlage
873 1059 903 1114 iu
922 1076 1009 1117 verso.
1047 1059 1178 1131 Gonospt.
1481 1137 1482 1140 Ἴ

262 1182 507 1268 Besorgung
534 1183 833 1266 juriatisoher
864 1185 1025 1250 bdoher
1059 1185 1230 1250 fdrden
1254 1185 1427 1248 bruder

261 1288 513 1354 Johaunnes.
545 1286 1146 1374 Danlrfttrdietlbersendurrg
1170 1288 1424 1354 vonsohrif-

698 1397 765 1458 ten
788 1391 983 1459 Oioeros.

351 1543 493 1608 Salutem
516 1543 689 1627 plurimam
704 1543 793 1609 dicit.
846 1541 970 1608 Distuli
987 1543 1140 1608 haetenus
1155 1544 1216 1608 tibi
1233 1544 1428 1628 respondere

265 1775 359 1820 mano
381 1759 438 1820 tuo
451 1751 476 1835 ¹,
500 1758 535 1818 ut
558 1753 680 1834 soritis,
702 1753 940 1836 comparandis,
970 1773 1050 1838 quos
1078 1773 1234 1837 nusquam
1259 1752 1427 1838 hueusque
1483 1797 1484 1840 ι

265 1859 390 1926 venales
413 1859 527 1943 reperi.
577 1857 705 1922 Perreri
728 1863 803 1923 suot
826 1856 869 1941 hij
894 1857 970 1922 libri
985 1861 1066 1941 aput
1083 1879 1150 1937 nos,
1172 1861 1345 1942 presertim
1364 1857 1427 1923 De·

264 1970 397 2032 oretum.
454 1963 626 2029 Providere
659 1963 719 2027 sibi
743 1963 780 2028 de
803 1961 901 2028 Sexto
933 1969 965 2028 et
993 1963 1199 2028 Clementiuis
1222 1964 1256 2028 in
1279 1962 1425 2030 Franck-

265 2072 369 2138 lordia
387 2091 451 2137 non
475 2070 615 2148 omittas,
637 2068 767 2134 omnino
799 2068 938 2133 oonsulo.
989 2069 1083 2134 Anno
1109 2069 1272 2153 preterito
1294 2068 1425 2134 venalee

265 2176 318 2242 hio
341 2175 472 2242 fuerunt
498 2175 573 2240 libri
596 2173 765 2258 utriusque
786 2173 867 2239 iuris
883 2195 940 2257 per
954 2179 1090 2240 mortem
1110 2175 1142 2240 d.
1159 2175 1269 2240 decani
1292 2175 1425 2241 eoelesie
1484 2163 1485 2240 l

264 2283 396 2350 maioris
427 2281 532 2347 relioti
545 2279 576 2359 ⁸,
605 2283 655 2344 set
686 2281 779 2346 modo
808 2300 918 2345 omnes
948 2280 1079 2345 venditi.
1139 2277 1201 2344 Pro
1227 2279 1423 2365 oompetenti
1484 2291 1485 2300 ’

265 2396 342 2454 tuno
364 2389 468 2472 pretio
491 2388 682 2467 habuissem,
704 2389 731 2451 si
755 2387 787 2453 id
810 2392 887 2453 tune
911 2387 990 2451 mihi
1014 2387 1213 2454 innotuisset
1272 2387 1421 2473 Diligen-

266 2496 344 2560 tiam
366 2501 472 2560 tamen
495 2493 646 2559 adhibere
668 2491 770 2558 adhue
793 2514 856 2559 nou
872 2493 1028 2559 omittam.
1064 2492 1104 2559 Et
1133 2514 1203 2558 oum
1221 2493 1293 2570 tibi,
1309 2499 1424 2577 patrue
1485 2528 1486 2598 p

266 2599 485 2665 amantissime
518 2598 647 2684 singula
680 2597 720 2662 ad
754 2603 830 2662 vota
863 2599 990 2664 evenire
1021 2597 1145 2675 vellem,
1180 2603 1328 2682 optarem
1364 2597 1423 2662 ali·

267 2705 393 2789 quando
415 2702 597 2789 intelligere
619 2704 684 2769 tuis
700 2705 830 2789 scriptis
852 2704 1062 2770 valitudinem
1078 2705 1194 2770 nedum
1219 2705 1337 2770 bonam
1354 2725 1421 2770 eor·

267 2811 354 2896 poris
378 2810 437 2892 tui,
461 2831 572 2876 verum
598 2815 631 2874 et
645 2830 822 2874 successum
845 2831 1033 2894 prosperum
1048 2810 1187 2894 praetioe
1202 2809 1360 2875 medicine
1383 2813 1423 2884 et

268 2938 330 3001 que
364 2937 459 3001 agere
492 2916 524 2979 in
550 2920 712 3002 posterum
746 2915 987 2994 deliberaveris,
1021 2937 1071 2980 me
1100 2915 1229 2999 seriptis
1258 2916 1326 2980 tuis
1357 2936 1423 2981 oer-

267 3025 337 3086 tum
359 3020 454 3085 redde
470 3070 478 3086 .
496 3069 525 3086 ..

342 3197 355 3250 l
376 3191 518 3264 Datirung
535 3193 608 3249 naeb
623 3194 673 3248 der
692 3135 866 3264 erwthnurlg
875 3193 991 3249 Gessels.
1018 3195 1083 3265 Vgl.
1101 3195 1172 3250 auoh
1190 3211 1231 3249 nr.
1243 3193 1284 3246 72.
1338 3194 1354 3248 2
1376 3194 1426 3250 Jo-

268 3282 383 3350 hanoas,
392 3281 442 3337 der
451 3281 509 3336 siob
521 3281 580 3338 also
588 3279 618 3336 io
627 3279 764 3352 Leipzigss
776 3284 907 3336 semester
917 3281 1099 3351 aufgehalten
1110 3283 1163 3337 bat
1170 3281 1253 3352 [oben
1260 3299 1303 3336 nr.
1311 3281 1355 3352 bl]
1365 3282 1424 3336 und

268 3369 327 3425 sieh
346 3387 404 3424 ιιιιιι
422 3369 547 3425 offenbar
565 3368 610 3424 bei
630 3369 792 3424 Hartmann
811 3369 840 3424 in
854 3367 1006 3440 Nfirnberg
1023 3369 1161 3435 belindet,
1180 3369 1252 3442 [egl.
1272 3369 1318 3424 ffir
1336 3369 1423 3424 Hert

269 3475 356 3513 marm
368 3456 557 3513 wattenbach
577 3457 596 3514 i.
615 3457 641 3511 d.
655 3456 851 3527 romhungen
867 3457 914 3521 xl,
927 3457 993 3528 370]
1011 3475 1058 3512 um
1080 3475 1134 3516 von
1152 3457 1190 3515 da
1208 3457 1281 3514 nach
1296 3458 1423 3528 Bologna

269 3563 302 3599 ru
321 3544 410 3615 geben
431 3563 452 3600 s.
471 3564 497 3603 ιι.
516 3563 557 3601 nr.
577 3546 620 3602 79.
664 3543 717 3600 Der
735 3543 811 3600 brief
826 3545 893 3600 falle
911 3545 969 3602 also
1001 3545 1075 3603 wohl
1093 3546 1123 3601 in
1142 3546 1196 3602 den
1214 3545 1341 3602 oktober.
1378 3545 1421 3600 Ob

269 3631 410 3687 lohannes
434 3631 464 3687 in
491 3631 604 3702 Leipzig
628 3631 829 3687 baccalaureus
853 3632 1018 3701 gewordsn,
1050 3633 1088 3689 iat
1113 3633 1192 3688 nieht
1218 3634 1328 3704 gesagt.
1373 3632 1424 3686 Die

270 3717 415 3789 Leipziger
434 3718 567 3774 matrilrel
595 3719 706 3774 enthtlt
729 3719 802 3774 naeh
821 3718 1010 3775 freundlioher
1039 3719 1204 3790 mitteilung
1222 3719 1271 3776 der
1290 3717 1421 3790 dortiges

271 3805 614 3863 universitttsbibliothelr
633 3805 725 3862 niohts
742 3806 872 3862 dartber.
978 3808 996 3862 3
1016 3807 1161 3863 beonberd
1185 3807 1279 3863 Gessel
1312 3825 1334 3861 s.
1353 3807 1424 3864 oben

271 3912 312 3948 nr.
327 3894 368 3949 64.
411 3893 504 3950 Θειιιί
518 3895 651 3950 sohenbte
668 3895 753 3952 sehon
772 3895 815 3949 bei
834 3893 972 3951 lebzeiten
985 3895 1087 3952 bucher
1108 3913 1145 3950 en
1162 3895 1269 3952 kloster
1282 3895 1322 3949 St
1338 3895 1424 3964 hlang

270 3980 314 4036 bei
332 3979 437 4037 Fdssen
456 4001 476 4037 s.
496 3981 644 4048 Steiobele‚
664 3982 695 4038 D.
710 3982 818 4036 Bistum
835 3981 986 4052 Augsburg
1004 3983 1051 4049 lv,
1070 3983 1123 4038 395
1152 3983 1207 4038 und
1238 3985 1292 4038 den
1312 3983 1423 4052 eintrag

269 4071 297 4124 in
317 4069 375 4126 eoo.
397 4069 433 4134 ιι,
458 4074 469 4126 ι
492 4071 537 4127 for.
566 4073 614 4126 ιιι
641 4070 690 4126 ser
715 4056 912 4140 brungrscsen
941 4069 1097 4126 bibliothek
1123 4088 1156 4124 ιιι
1180 4069 1353 4141 uuungen.
1392 4071 1423 4125 ιι

270 4158 327 4214 ood.
348 4157 383 4223 ll,
404 4159 416 4214 l
437 4159 485 4216 lol.
505 4159 555 4216 108
574 4159 718 4215 derselben
744 4157 914 4222 bibliotbsk‚
942 4157 1083 4213 ebenfalls
1102 4174 1152 4212 aus
1170 4157 1289 4222 Fhssen.
1313 4159 1424 4214 euthal-

269 4245 337 4300 tend
350 4245 581 4304 Bartholomaeus
599 4247 634 4302 da
646 4246 800 4310 (dienvilla,
821 4245 861 4301 De
879 4245 1101 4317 proprietatibus
1121 4263 1222 4310 rarum,
1242 4247 1333 4301 steht:
1351 4263 1424 4302 oom-

270 4337 387 4403 paratus
405 4351 456 4405 pro
475 4334 513 4390 Vl
531 4335 589 4391 lior.
609 4338 637 4391 et
656 4334 711 4389 fuit
737 4335 889 4405 aliquando
909 4335 1014 4391 domini
1034 4333 1133 4390 decani
1152 4333 1312 4390 Leonbardi
1330 4333 1424 4390 Geassl

271 4421 457 4490 Augustsnsis
475 4424 587 4480 eeclesia
614 4425 724 4494 emptus
748 4441 765 4477 a
791 4423 928 4492 magistro
947 4421 1080 4480 Heinrioo
1110 4421 1166 4476 Lar
1188 4420 1310 4492 plebano
1327 4423 1359 4478 iu
1378 4421 1422 4476 Di·

270 4510 366 4582 lingen
387 4529 462 4568 anno
484 4513 590 4568 bxv10.
