<?xml version="1.0" encoding="UTF-8"?>
<!DOCTYPE html PUBLIC "-//W3C//DTD XHTML 1.0 Transitional//EN"
    "http://www.w3.org/TR/xhtml1/DTD/xhtml1-transitional.dtd">
<html xmlns="http://www.w3.org/1999/xhtml" xml:lang="en" lang="en">
 <head>
  <title>
</title>
<meta http-equiv="Content-Type" content="text/html;charset=utf-8" />
  <meta name='ocr-system' content='tesseract 3.04.00' />
  <meta name='ocr-capabilities' content='ocr_page ocr_carea ocr_par ocr_line ocrx_word'/>
</head>
<body>
  <div class='ocr_page' id='page_1' title='image "./hermannschedels00schegoog_0057.png"; bbox 0 0 3002 5070; ppageno 0'>
   <div class='ocr_carea' id='block_1_1' title="bbox 642 433 748 522">
    <p class='ocr_par' dir='ltr' id='par_1_1' title="bbox 642 433 748 522">
     <span class='ocr_line' id='line_1_1' title="bbox 642 433 748 522; baseline 0 -25"><span class='ocrx_word' id='word_1_1' title='bbox 642 433 748 522; x_wconf 14' lang='lat'>41*</span> 
     </span>
    </p>
   </div>
   <div class='ocr_carea' id='block_1_2' title="bbox 80 605 1234 799">
    <p class='ocr_par' dir='ltr' id='par_1_2' title="bbox 80 605 1234 799">
     <span class='ocr_line' id='line_1_2' title="bbox 80 605 1234 691; baseline -0.001 -19"><span class='ocrx_word' id='word_1_2' title='bbox 80 607 189 673; x_wconf 87' lang='lat' dir='ltr'>tendit</span> <span class='ocrx_word' id='word_1_3' title='bbox 219 631 276 674; x_wconf 89' lang='lat' dir='ltr'>nec</span> <span class='ocrx_word' id='word_1_4' title='bbox 309 607 395 674; x_wconf 91' lang='lat' dir='ltr'>eliud</span> <span class='ocrx_word' id='word_1_5' title='bbox 429 608 554 674; x_wconf 82' lang='lat' dir='ltr'>evenire</span> <span class='ocrx_word' id='word_1_6' title='bbox 586 608 703 687; x_wconf 90' lang='lat' dir='ltr'>timeo,</span> <span class='ocrx_word' id='word_1_7' title='bbox 736 607 795 672; x_wconf 91' lang='lat' dir='ltr'>uisi</span> <span class='ocrx_word' id='word_1_8' title='bbox 830 607 930 691; x_wconf 89' lang='lat' dir='ltr'>ipsius</span> <span class='ocrx_word' id='word_1_9' title='bbox 963 605 1234 673; x_wconf 86' lang='lat' dir='ltr'>nnichilacionem.</span> 
     </span>
     <span class='ocr_line' id='line_1_3' title="bbox 82 710 1233 799; baseline -0.002 -23"><span class='ocrx_word' id='word_1_10' title='bbox 82 710 168 792; x_wconf 78' lang='lat' dir='ltr'>l&#39;eci,</span> <span class='ocrx_word' id='word_1_11' title='bbox 193 735 256 796; x_wconf 89' lang='lat' dir='ltr'>que</span> <span class='ocrx_word' id='word_1_12' title='bbox 278 713 379 798; x_wconf 90' lang='lat' dir='ltr'>potui.</span> <span class='ocrx_word' id='word_1_13' title='bbox 425 711 572 798; x_wconf 78' lang='lat' dir='ltr'>Vagatur</span> <span class='ocrx_word' id='word_1_14' title='bbox 594 711 843 799; x_wconf 81' lang='lat' dir='ltr'>NJnremberge]</span> <span class='ocrx_word' id='word_1_15' title='bbox 878 710 1027 778; x_wconf 82' lang='lat' dir='ltr'>hincinde</span> <span class='ocrx_word' id='word_1_16' title='bbox 1050 733 1109 795; x_wconf 92' lang='lat' dir='ltr'>pro</span> <span class='ocrx_word' id='word_1_17' title='bbox 1132 711 1233 776; x_wconf 74' lang='lat' dir='ltr'>ciffis.</span> 
     </span>
    </p>
   </div>
   <div class='ocr_carea' id='block_1_3' title="bbox 562 901 767 908">
    <p class='ocr_par' dir='ltr' id='par_1_3' title="bbox 562 901 767 908">
     <span class='ocr_line' id='line_1_4' title="bbox 562 901 767 908; baseline -0.01 0"><span class='ocrx_word' id='word_1_18' title='bbox 562 901 767 908; x_wconf 71' lang='lat'>--—-——--..</span> 
     </span>
    </p>
   </div>
   <div class='ocr_carea' id='block_1_4' title="bbox 637 1067 694 1140">
    <p class='ocr_par' dir='ltr' id='par_1_4' title="bbox 637 1067 694 1140">
     <span class='ocr_line' id='line_1_5' title="bbox 637 1067 694 1140; baseline 0.035 -2"><span class='ocrx_word' id='word_1_19' title='bbox 637 1067 694 1140; x_wconf 91' lang='grc'>18.</span> 
     </span>
    </p>
   </div>
   <div class='ocr_carea' id='block_1_5' title="bbox 80 1207 1239 1429">
    <p class='ocr_par' dir='ltr' id='par_1_5' title="bbox 80 1207 1239 1429">
     <span class='ocr_line' id='line_1_6' title="bbox 80 1207 1239 1302; baseline -0.001 -24"><span class='ocrx_word' id='word_1_20' title='bbox 80 1207 300 1302; x_wconf 74' lang='lat' dir='ltr'>Sigismund</span> <span class='ocrx_word' id='word_1_21' title='bbox 316 1209 557 1283; x_wconf 76' lang='lat' dir='ltr'>Gessembrot</span> <span class='ocrx_word' id='word_1_22' title='bbox 580 1232 630 1282; x_wconf 86' lang='lat' dir='ltr'>an</span> <span class='ocrx_word' id='word_1_23' title='bbox 653 1209 818 1283; x_wconf 80' lang='lat' dir='ltr'>cardinal</span> <span class='ocrx_word' id='word_1_24' title='bbox 837 1210 947 1284; x_wconf 87' lang='lat' dir='ltr'>Peter</span> <span class='ocrx_word' id='word_1_25' title='bbox 977 1232 1009 1282; x_wconf 86' lang='lat' dir='ltr'>v.</span> <span class='ocrx_word' id='word_1_26' title='bbox 1026 1207 1239 1302; x_wconf 80' lang='lat' dir='ltr'>Augeturg.</span> 
     </span>
     <span class='ocr_line' id='line_1_7' title="bbox 402 1333 928 1429; baseline 0.002 -23"><span class='ocrx_word' id='word_1_27' title='bbox 402 1333 604 1429; x_wconf 80' lang='lat' dir='ltr'>Augsburg</span> <span class='ocrx_word' id='word_1_28' title='bbox 637 1334 731 1406; x_wconf 77' lang='lat'>1459</span> <span class='ocrx_word' id='word_1_29' title='bbox 758 1333 836 1426; x_wconf 88' lang='lat' dir='ltr'>jen.</span> <span class='ocrx_word' id='word_1_30' title='bbox 870 1333 928 1407; x_wconf 82' lang='grc'><strong>21.</strong></span> 
     </span>
    </p>
   </div>
   <div class='ocr_carea' id='block_1_6' title="bbox 280 1484 1049 1544">
    <p class='ocr_par' dir='ltr' id='par_1_6' title="bbox 280 1484 1049 1544">
     <span class='ocr_line' id='line_1_8' title="bbox 280 1484 1049 1544; baseline -0.007 -2"><span class='ocrx_word' id='word_1_31' title='bbox 280 1487 343 1542; x_wconf 89' lang='lat' dir='ltr'>clm.</span> <span class='ocrx_word' id='word_1_32' title='bbox 364 1489 416 1544; x_wconf 77' lang='lat'>504</span> <span class='ocrx_word' id='word_1_33' title='bbox 433 1487 455 1543; x_wconf 79' lang='lat' dir='ltr'>f.</span> <span class='ocrx_word' id='word_1_34' title='bbox 473 1487 533 1543; x_wconf 85' lang='grc'><strong>997.</strong></span> <span class='ocrx_word' id='word_1_35' title='bbox 554 1487 697 1543; x_wconf 75' lang='lat' dir='ltr'>Abschrit&#39;t</span> <span class='ocrx_word' id='word_1_36' title='bbox 714 1487 875 1544; x_wconf 83' lang='lat' dir='ltr'>Hertmsnn</span> <span class='ocrx_word' id='word_1_37' title='bbox 894 1484 1023 1542; x_wconf 81' lang='lat' dir='ltr'>Schedel</span> <span class='ocrx_word' id='word_1_38' title='bbox 1033 1486 1049 1538; x_wconf 88' lang='lat'>¹.</span> 
     </span>
    </p>
   </div>
   <div class='ocr_carea' id='block_1_7' title="bbox 85 1608 1243 1802">
    <p class='ocr_par' dir='ltr' id='par_1_7' title="bbox 85 1608 1243 1802">
     <span class='ocr_line' id='line_1_9' title="bbox 85 1608 1243 1693; baseline 0 -21"><span class='ocrx_word' id='word_1_39' title='bbox 85 1609 236 1676; x_wconf 77' lang='lat' dir='ltr'>llittet</span> <span class='ocrx_word' id='word_1_40' title='bbox 259 1610 325 1674; x_wconf 81' lang='lat' dir='ltr'>tur</span> <span class='ocrx_word' id='word_1_41' title='bbox 347 1611 506 1676; x_wconf 89' lang='lat' dir='ltr'>seinen</span> <span class='ocrx_word' id='word_1_42' title='bbox 529 1611 632 1676; x_wconf 88' lang='lat' dir='ltr'>sohn</span> <span class='ocrx_word' id='word_1_43' title='bbox 657 1609 823 1676; x_wconf 91' lang='lat' dir='ltr'>Ulrich</span> <span class='ocrx_word' id='word_1_44' title='bbox 848 1633 904 1675; x_wconf 89' lang='lat' dir='ltr'>um</span> <span class='ocrx_word' id='word_1_45' title='bbox 936 1609 1028 1675; x_wconf 90' lang='lat' dir='ltr'>eine</span> <span class='ocrx_word' id='word_1_46' title='bbox 1051 1608 1243 1693; x_wconf 80' lang='lat' dir='ltr'>pfrttnde.</span> 
     </span>
     <span class='ocr_line' id='line_1_10' title="bbox 253 1713 1054 1802; baseline 0.004 -24"><span class='ocrx_word' id='word_1_47' title='bbox 253 1713 623 1802; x_wconf 80' lang='lat' dir='ltr'>Entschuldigung</span> <span class='ocrx_word' id='word_1_48' title='bbox 645 1715 714 1781; x_wconf 89' lang='lat' dir='ltr'>der</span> <span class='ocrx_word' id='word_1_49' title='bbox 736 1715 882 1782; x_wconf 81' lang='lat' dir='ltr'>enredo</span> <span class='ocrx_word' id='word_1_50' title='bbox 906 1716 975 1780; x_wconf 90' lang='lat' dir='ltr'>mit</span> <span class='ocrx_word' id='word_1_51' title='bbox 998 1715 1054 1781; x_wconf 88' lang='lat' dir='ltr'>du.</span> 
     </span>
    </p>
   </div>
   <div class='ocr_carea' id='block_1_8' title="bbox 86 1852 1249 3841">
    <p class='ocr_par' dir='ltr' id='par_1_8' title="bbox 86 1852 1246 3208">
     <span class='ocr_line' id='line_1_11' title="bbox 176 1852 1243 1940; baseline -0.004 -20"><span class='ocrx_word' id='word_1_52' title='bbox 176 1855 452 1922; x_wconf 81' lang='lat' dir='ltr'>Reverendissimo</span> <span class='ocrx_word' id='word_1_53' title='bbox 475 1853 654 1922; x_wconf 71' lang='lat' dir='ltr'>inebriato</span> <span class='ocrx_word' id='word_1_54' title='bbox 676 1857 762 1940; x_wconf 86' lang='lat' dir='ltr'>petri</span> <span class='ocrx_word' id='word_1_55' title='bbox 786 1861 818 1922; x_wconf 90' lang='lat' dir='ltr'>et</span> <span class='ocrx_word' id='word_1_56' title='bbox 842 1856 978 1936; x_wconf 89' lang='lat' dir='ltr'>domino,</span> <span class='ocrx_word' id='word_1_57' title='bbox 1004 1854 1131 1920; x_wconf 90' lang='lat' dir='ltr'>domino</span> <span class='ocrx_word' id='word_1_58' title='bbox 1148 1852 1243 1918; x_wconf 88' lang='lat' dir='ltr'>Petro</span> 
     </span>
     <span class='ocr_line' id='line_1_12' title="bbox 88 1956 1242 2046; baseline -0.003 -22"><span class='ocrx_word' id='word_1_59' title='bbox 88 1959 181 2024; x_wconf 89' lang='lat' dir='ltr'>tituli</span> <span class='ocrx_word' id='word_1_60' title='bbox 204 1962 308 2026; x_wconf 89' lang='lat' dir='ltr'>sencti</span> <span class='ocrx_word' id='word_1_61' title='bbox 332 1959 449 2028; x_wconf 88' lang='lat' dir='ltr'>Vitelis</span> <span class='ocrx_word' id='word_1_62' title='bbox 483 1961 660 2046; x_wconf 69' lang='lat' dir='ltr'><strong>presbitero</strong></span> <span class='ocrx_word' id='word_1_63' title='bbox 683 1961 838 2028; x_wconf 70' lang='lat' dir='ltr'>cardinali</span> <span class='ocrx_word' id='word_1_64' title='bbox 861 1961 1049 2046; x_wconf 77' lang='lat' dir='ltr'>dignissimo</span> <span class='ocrx_word' id='word_1_65' title='bbox 1071 1956 1242 2024; x_wconf 88' lang='lat' dir='ltr'>cstedrslis</span> 
     </span>
     <span class='ocr_line' id='line_1_13' title="bbox 90 2063 1243 2153; baseline -0.005 -21"><span class='ocrx_word' id='word_1_66' title='bbox 90 2066 226 2132; x_wconf 87' lang='lat' dir='ltr'>ecclesie</span> <span class='ocrx_word' id='word_1_67' title='bbox 241 2065 453 2153; x_wconf 80' lang='lat' dir='ltr'>Augustensie</span> <span class='ocrx_word' id='word_1_68' title='bbox 476 2065 652 2152; x_wconf 84' lang='lat' dir='ltr'>episcopo¹</span> <span class='ocrx_word' id='word_1_69' title='bbox 676 2067 929 2151; x_wconf 88' lang='lat' dir='ltr'>splendidissimo</span> <span class='ocrx_word' id='word_1_70' title='bbox 945 2066 1031 2151; x_wconf 88' lang='lat' dir='ltr'>patri</span> <span class='ocrx_word' id='word_1_71' title='bbox 1046 2063 1243 2151; x_wconf 88' lang='lat' dir='ltr'>preceptori-</span> 
     </span>
     <span class='ocr_line' id='line_1_14' title="bbox 87 2169 1243 2258; baseline -0.002 -23"><span class='ocrx_word' id='word_1_72' title='bbox 87 2193 150 2253; x_wconf 86' lang='lat' dir='ltr'>que</span> <span class='ocrx_word' id='word_1_73' title='bbox 173 2171 238 2236; x_wconf 87' lang='lat' dir='ltr'>sibi</span> <span class='ocrx_word' id='word_1_74' title='bbox 272 2171 556 2238; x_wconf 82' lang='lat' dir='ltr'>observandissime</span> <span class='ocrx_word' id='word_1_75' title='bbox 580 2172 709 2238; x_wconf 91' lang='lat' dir='ltr'>humilis</span> <span class='ocrx_word' id='word_1_76' title='bbox 740 2171 826 2236; x_wconf 88' lang='lat' dir='ltr'>filine</span> <span class='ocrx_word' id='word_1_77' title='bbox 853 2171 1073 2258; x_wconf 81' lang='lat' dir='ltr'>Sigismundas</span> <span class='ocrx_word' id='word_1_78' title='bbox 1098 2169 1243 2235; x_wconf 85' lang='lat' dir='ltr'>Goesem·</span> 
     </span>
     <span class='ocr_line' id='line_1_15' title="bbox 89 2273 1246 2362; baseline -0.002 -23"><span class='ocrx_word' id='word_1_79' title='bbox 89 2277 163 2341; x_wconf 87' lang='lat' dir='ltr'>brot</span> <span class='ocrx_word' id='word_1_80' title='bbox 187 2277 296 2342; x_wconf 88' lang='lat' dir='ltr'>senior</span> <span class='ocrx_word' id='word_1_81' title='bbox 318 2277 472 2344; x_wconf 79' lang='lat' dir='ltr'>servitute</span> <span class='ocrx_word' id='word_1_82' title='bbox 494 2276 629 2362; x_wconf 79' lang='lat' dir='ltr'>alligate</span> <span class='ocrx_word' id='word_1_83' title='bbox 651 2299 684 2342; x_wconf 92' lang='lat' dir='ltr'>se</span> <span class='ocrx_word' id='word_1_84' title='bbox 715 2276 888 2361; x_wconf 86' lang='lat' dir='ltr'>plurimum</span> <span class='ocrx_word' id='word_1_85' title='bbox 911 2276 1121 2343; x_wconf 77' lang='lat' dir='ltr'>commendat.</span> <span class='ocrx_word' id='word_1_86' title='bbox 1178 2273 1246 2338; x_wconf 75' lang='lat' dir='ltr'>nesi</span> 
     </span>
     <span class='ocr_line' id='line_1_16' title="bbox 86 2379 1242 2467; baseline -0.002 -21"><span class='ocrx_word' id='word_1_87' title='bbox 86 2381 124 2446; x_wconf 89' lang='lat' dir='ltr'>ad</span> <span class='ocrx_word' id='word_1_88' title='bbox 151 2382 315 2448; x_wconf 75' lang='lat' dir='ltr'>teritum</span> <span class='ocrx_word' id='word_1_89' title='bbox 339 2382 621 2466; x_wconf 87' lang='lat' dir='ltr'>precioseiesimum</span> <span class='ocrx_word' id='word_1_90' title='bbox 653 2406 739 2450; x_wconf 87' lang='lat' dir='ltr'>mess</span> <span class='ocrx_word' id='word_1_91' title='bbox 761 2384 927 2450; x_wconf 82' lang='lat' dir='ltr'>admodum</span> <span class='ocrx_word' id='word_1_92' title='bbox 953 2383 1061 2467; x_wconf 90' lang='lat' dir='ltr'>inepte</span> <span class='ocrx_word' id='word_1_93' title='bbox 1084 2379 1242 2447; x_wconf 86' lang='lat' dir='ltr'>confectae</span> 
     </span>
     <span class='ocr_line' id='line_1_17' title="bbox 88 2487 1242 2574; baseline -0.003 -23"><span class='ocrx_word' id='word_1_94' title='bbox 88 2508 203 2552; x_wconf 80' lang='lat' dir='ltr'>verear</span> <span class='ocrx_word' id='word_1_95' title='bbox 219 2487 294 2554; x_wconf 82' lang='lat' dir='ltr'>dere</span> <span class='ocrx_word' id='word_1_96' title='bbox 310 2488 443 2568; x_wconf 85' lang='lat' dir='ltr'>litteras,</span> <span class='ocrx_word' id='word_1_97' title='bbox 464 2489 548 2574; x_wconf 90' lang='lat' dir='ltr'>qnia,</span> <span class='ocrx_word' id='word_1_98' title='bbox 564 2493 656 2574; x_wconf 86' lang='lat' dir='ltr'>pater</span> <span class='ocrx_word' id='word_1_99' title='bbox 673 2489 915 2573; x_wconf 74' lang='lat' dir='ltr'>spectatissime,</span> <span class='ocrx_word' id='word_1_100' title='bbox 938 2509 1002 2554; x_wconf 91' lang='lat' dir='ltr'>non</span> <span class='ocrx_word' id='word_1_101' title='bbox 1026 2487 1147 2554; x_wconf 89' lang='lat' dir='ltr'>nescius</span> <span class='ocrx_word' id='word_1_102' title='bbox 1162 2507 1242 2562; x_wconf 76' lang='lat' dir='ltr'>suni,</span> 
     </span>
     <span class='ocr_line' id='line_1_18' title="bbox 89 2593 1241 2680; baseline -0.003 -22"><span class='ocrx_word' id='word_1_103' title='bbox 89 2599 183 2658; x_wconf 83' lang='lat' dir='ltr'>tuem</span> <span class='ocrx_word' id='word_1_104' title='bbox 207 2593 523 2678; x_wconf 80' lang='lat' dir='ltr'>circumspectionem</span> <span class='ocrx_word' id='word_1_105' title='bbox 554 2615 617 2660; x_wconf 89' lang='lat' dir='ltr'>non</span> <span class='ocrx_word' id='word_1_106' title='bbox 652 2595 808 2680; x_wconf 82' lang='lat' dir='ltr'>puerilem</span> <span class='ocrx_word' id='word_1_107' title='bbox 837 2595 995 2662; x_wconf 91' lang='lat' dir='ltr'>scribendi</span> <span class='ocrx_word' id='word_1_108' title='bbox 1017 2593 1241 2660; x_wconf 86' lang='lat' dir='ltr'>anctoritatem</span> 
     </span>
     <span class='ocr_line' id='line_1_19' title="bbox 89 2698 1243 2785; baseline -0.004 -21"><span class='ocrx_word' id='word_1_109' title='bbox 89 2699 141 2764; x_wconf 85' lang='lat' dir='ltr'>sed</span> <span class='ocrx_word' id='word_1_110' title='bbox 179 2720 323 2783; x_wconf 88' lang='lat' dir='ltr'>quosque</span> <span class='ocrx_word' id='word_1_111' title='bbox 354 2700 509 2768; x_wconf 86' lang='lat' dir='ltr'>maximos</span> <span class='ocrx_word' id='word_1_112' title='bbox 540 2720 717 2785; x_wconf 82' lang='lat' dir='ltr'>gravesque</span> <span class='ocrx_word' id='word_1_113' title='bbox 750 2705 893 2767; x_wconf 88' lang='lat' dir='ltr'>oratores</span> <span class='ocrx_word' id='word_1_114' title='bbox 932 2698 1106 2784; x_wconf 88' lang='lat' dir='ltr'>promereri</span> <span class='ocrx_word' id='word_1_115' title='bbox 1140 2717 1243 2779; x_wconf 90' lang='lat' dir='ltr'>neque</span> 
     </span>
     <span class='ocr_line' id='line_1_20' title="bbox 92 2802 1244 2890; baseline -0.003 -22"><span class='ocrx_word' id='word_1_116' title='bbox 92 2804 310 2870; x_wconf 77' lang='lat' dir='ltr'>balbutientis</span> <span class='ocrx_word' id='word_1_117' title='bbox 331 2805 503 2890; x_wconf 83' lang='lat' dir='ltr'>ydioteqne</span> <span class='ocrx_word' id='word_1_118' title='bbox 525 2810 557 2871; x_wconf 91' lang='lat' dir='ltr'>et</span> <span class='ocrx_word' id='word_1_119' title='bbox 579 2805 807 2872; x_wconf 85' lang='lat' dir='ltr'>eduleecentuli</span> <span class='ocrx_word' id='word_1_120' title='bbox 837 2807 946 2872; x_wconf 88' lang='lat' dir='ltr'>rudem</span> <span class='ocrx_word' id='word_1_121' title='bbox 972 2825 1100 2887; x_wconf 88' lang='lat' dir='ltr'>poscere</span> <span class='ocrx_word' id='word_1_122' title='bbox 1123 2802 1244 2886; x_wconf 89' lang='lat' dir='ltr'>epistu-</span> 
     </span>
     <span class='ocr_line' id='line_1_21' title="bbox 89 2906 1243 2997; baseline -0.003 -23"><span class='ocrx_word' id='word_1_123' title='bbox 89 2911 165 2992; x_wconf 81' lang='lat' dir='ltr'>lam,</span> <span class='ocrx_word' id='word_1_124' title='bbox 188 2915 332 2976; x_wconf 78' lang='lat' dir='ltr'>attamen</span> <span class='ocrx_word' id='word_1_125' title='bbox 357 2918 413 2976; x_wconf 88' lang='lat' dir='ltr'>tue</span> <span class='ocrx_word' id='word_1_126' title='bbox 435 2916 500 2977; x_wconf 90' lang='lat' dir='ltr'>tem</span> <span class='ocrx_word' id='word_1_127' title='bbox 524 2911 590 2978; x_wconf 87' lang='lat' dir='ltr'>late</span> <span class='ocrx_word' id='word_1_128' title='bbox 624 2917 703 2996; x_wconf 87' lang='lat' dir='ltr'>aput</span> <span class='ocrx_word' id='word_1_129' title='bbox 726 2911 901 2978; x_wconf 86' lang='lat' dir='ltr'>humanum</span> <span class='ocrx_word' id='word_1_130' title='bbox 924 2931 1024 2997; x_wconf 80' lang='lat' dir='ltr'>genus</span> <span class='ocrx_word' id='word_1_131' title='bbox 1047 2915 1160 2993; x_wconf 85' lang='lat' dir='ltr'>patens</span> <span class='ocrx_word' id='word_1_132' title='bbox 1185 2906 1243 2970; x_wconf 87' lang='lat' dir='ltr'>hu·</span> 
     </span>
     <span class='ocr_line' id='line_1_22' title="bbox 95 3015 1246 3102; baseline -0.005 -22"><span class='ocrx_word' id='word_1_133' title='bbox 95 3017 236 3082; x_wconf 82' lang='lat' dir='ltr'>menites</span> <span class='ocrx_word' id='word_1_134' title='bbox 263 3017 353 3081; x_wconf 87' lang='lat' dir='ltr'>debit</span> <span class='ocrx_word' id='word_1_135' title='bbox 385 3017 507 3082; x_wconf 84' lang='lat' dir='ltr'>veniam</span> <span class='ocrx_word' id='word_1_136' title='bbox 543 3016 647 3102; x_wconf 90' lang='lat' dir='ltr'>siquid</span> <span class='ocrx_word' id='word_1_137' title='bbox 670 3017 808 3097; x_wconf 82' lang='lat' dir='ltr'>inculte,</span> <span class='ocrx_word' id='word_1_138' title='bbox 838 3017 946 3100; x_wconf 91' lang='lat' dir='ltr'>inepte</span> <span class='ocrx_word' id='word_1_139' title='bbox 968 3035 1026 3080; x_wconf 89' lang='lat' dir='ltr'>nec</span> <span class='ocrx_word' id='word_1_140' title='bbox 1055 3015 1132 3080; x_wconf 85' lang='lat' dir='ltr'>satis</span> <span class='ocrx_word' id='word_1_141' title='bbox 1155 3036 1174 3077; x_wconf 88' lang='lat' dir='ltr'>a</span> <span class='ocrx_word' id='word_1_142' title='bbox 1197 3033 1246 3076; x_wconf 91' lang='lat' dir='ltr'>mc</span> 
     </span>
     <span class='ocr_line' id='line_1_23' title="bbox 90 3117 1150 3208; baseline -0.007 -20"><span class='ocrx_word' id='word_1_143' title='bbox 90 3121 269 3208; x_wconf 86' lang='lat' dir='ltr'>expolitum</span> <span class='ocrx_word' id='word_1_144' title='bbox 305 3121 434 3208; x_wconf 78' lang='lat' dir='ltr'>ingenio</span> <span class='ocrx_word' id='word_1_145' title='bbox 456 3128 513 3188; x_wconf 91' lang='lat' dir='ltr'>aut</span> <span class='ocrx_word' id='word_1_146' title='bbox 545 3121 741 3188; x_wconf 89' lang='lat' dir='ltr'>eleboratum</span> <span class='ocrx_word' id='word_1_147' title='bbox 771 3122 928 3187; x_wconf 86' lang='lat' dir='ltr'>industria</span> <span class='ocrx_word' id='word_1_148' title='bbox 957 3119 1118 3204; x_wconf 82' lang='lat' dir='ltr'>intelliget</span> <span class='ocrx_word' id='word_1_149' title='bbox 1138 3117 1150 3154; x_wconf 80' lang='lat'>³</span> 
     </span>
    </p>

    <p class='ocr_par' dir='ltr' id='par_1_9' title="bbox 93 3223 1249 3841">
     <span class='ocr_line' id='line_1_24' title="bbox 180 3223 1242 3315; baseline -0.006 -23"><span class='ocrx_word' id='word_1_150' title='bbox 180 3227 385 3315; x_wconf 84' lang='lat' dir='ltr'>Intelligeret</span> <span class='ocrx_word' id='word_1_151' title='bbox 406 3229 549 3314; x_wconf 86' lang='lat' dir='ltr'>profecto</span> <span class='ocrx_word' id='word_1_152' title='bbox 571 3233 628 3294; x_wconf 85' lang='lat' dir='ltr'>tua</span> <span class='ocrx_word' id='word_1_153' title='bbox 649 3227 831 3294; x_wconf 80' lang='lat' dir='ltr'>humanitus</span> <span class='ocrx_word' id='word_1_154' title='bbox 854 3250 904 3294; x_wconf 91' lang='lat' dir='ltr'>me</span> <span class='ocrx_word' id='word_1_155' title='bbox 920 3249 992 3294; x_wconf 90' lang='lat' dir='ltr'>eum</span> <span class='ocrx_word' id='word_1_156' title='bbox 1015 3245 1091 3303; x_wconf 92' lang='lat' dir='ltr'>esse,</span> <span class='ocrx_word' id='word_1_157' title='bbox 1115 3223 1164 3287; x_wconf 90' lang='lat' dir='ltr'>oui</span> <span class='ocrx_word' id='word_1_158' title='bbox 1188 3243 1242 3286; x_wconf 89' lang='lat' dir='ltr'>ne·</span> 
     </span>
     <span class='ocr_line' id='line_1_25' title="bbox 93 3329 1242 3419; baseline -0.006 -21"><span class='ocrx_word' id='word_1_159' title='bbox 93 3335 230 3413; x_wconf 89' lang='lat' dir='ltr'>minem,</span> <span class='ocrx_word' id='word_1_160' title='bbox 253 3355 366 3417; x_wconf 86' lang='lat' dir='ltr'>spero,</span> <span class='ocrx_word' id='word_1_161' title='bbox 390 3335 521 3419; x_wconf 83' lang='lat' dir='ltr'>pietatis</span> <span class='ocrx_word' id='word_1_162' title='bbox 553 3355 682 3400; x_wconf 90' lang='lat' dir='ltr'>munere</span> <span class='ocrx_word' id='word_1_163' title='bbox 705 3339 737 3398; x_wconf 93' lang='lat' dir='ltr'>et</span> <span class='ocrx_word' id='word_1_164' title='bbox 759 3332 939 3400; x_wconf 86' lang='lat' dir='ltr'>constsnoie</span> <span class='ocrx_word' id='word_1_165' title='bbox 963 3329 1086 3398; x_wconf 89' lang='lat' dir='ltr'>meritis</span> <span class='ocrx_word' id='word_1_166' title='bbox 1109 3333 1242 3411; x_wconf 88' lang='lat' dir='ltr'>autepo-</span> 
     </span>
     <span class='ocr_line' id='line_1_26' title="bbox 94 3436 1246 3527; baseline -0.006 -24"><span class='ocrx_word' id='word_1_167' title='bbox 94 3443 195 3506; x_wconf 87' lang='lat' dir='ltr'>neret.</span> <span class='ocrx_word' id='word_1_168' title='bbox 242 3437 282 3504; x_wconf 77' lang='lat' dir='ltr'>nt</span> <span class='ocrx_word' id='word_1_169' title='bbox 305 3439 407 3505; x_wconf 83' lang='lat' dir='ltr'>multe</span> <span class='ocrx_word' id='word_1_170' title='bbox 429 3446 467 3506; x_wconf 91' lang='lat' dir='ltr'>ut</span> <span class='ocrx_word' id='word_1_171' title='bbox 490 3442 598 3526; x_wconf 89' lang='lat' dir='ltr'>paucis</span> <span class='ocrx_word' id='word_1_172' title='bbox 621 3441 831 3527; x_wconf 83' lang='lat' dir='ltr'>complectar,</span> <span class='ocrx_word' id='word_1_173' title='bbox 855 3436 1039 3504; x_wconf 76' lang='lat' dir='ltr'>suavissime</span> <span class='ocrx_word' id='word_1_174' title='bbox 1061 3438 1164 3520; x_wconf 82' lang='lat' dir='ltr'>peter,</span> <span class='ocrx_word' id='word_1_175' title='bbox 1187 3453 1246 3516; x_wconf 82' lang='lat' dir='ltr'>ego</span> 
     </span>
     <span class='ocr_line' id='line_1_27' title="bbox 94 3538 1249 3629; baseline -0.005 -21"><span class='ocrx_word' id='word_1_176' title='bbox 94 3545 247 3625; x_wconf 84' lang='lat' dir='ltr'>sincerus,</span> <span class='ocrx_word' id='word_1_177' title='bbox 271 3549 308 3610; x_wconf 90' lang='lat' dir='ltr'>ut</span> <span class='ocrx_word' id='word_1_178' title='bbox 329 3545 424 3624; x_wconf 89' lang='lat' dir='ltr'>noeti,</span> <span class='ocrx_word' id='word_1_179' title='bbox 446 3545 652 3629; x_wconf 88' lang='lat' dir='ltr'>petemitatis</span> <span class='ocrx_word' id='word_1_180' title='bbox 674 3551 729 3612; x_wconf 88' lang='lat' dir='ltr'>tue</span> <span class='ocrx_word' id='word_1_181' title='bbox 755 3565 825 3610; x_wconf 90' lang='lat' dir='ltr'>sum</span> <span class='ocrx_word' id='word_1_182' title='bbox 849 3543 943 3608; x_wconf 88' lang='lat' dir='ltr'>filius.</span> <span class='ocrx_word' id='word_1_183' title='bbox 1001 3539 1047 3604; x_wconf 79' lang='lat' dir='ltr'>&#39;l&#39;e</span> <span class='ocrx_word' id='word_1_184' title='bbox 1069 3540 1116 3604; x_wconf 91' lang='lat' dir='ltr'>ite</span> <span class='ocrx_word' id='word_1_185' title='bbox 1137 3538 1175 3604; x_wconf 91' lang='lat' dir='ltr'>de</span> <span class='ocrx_word' id='word_1_186' title='bbox 1199 3559 1249 3602; x_wconf 86' lang='lat' dir='ltr'>me</span> 
     </span>
     <span class='ocr_line' id='line_1_28' title="bbox 95 3643 1247 3735; baseline -0.008 -20"><span class='ocrx_word' id='word_1_187' title='bbox 95 3651 289 3716; x_wconf 87' lang='lat' dir='ltr'>sencientem</span> <span class='ocrx_word' id='word_1_188' title='bbox 312 3650 396 3717; x_wconf 90' lang='lat' dir='ltr'>clere</span> <span class='ocrx_word' id='word_1_189' title='bbox 419 3651 559 3735; x_wconf 90' lang='lat' dir='ltr'>comperi</span> <span class='ocrx_word' id='word_1_190' title='bbox 593 3650 730 3734; x_wconf 85' lang='lat' dir='ltr'>percotis</span> <span class='ocrx_word' id='word_1_191' title='bbox 760 3649 824 3714; x_wconf 82' lang='lat' dir='ltr'>iem</span> <span class='ocrx_word' id='word_1_192' title='bbox 846 3647 991 3732; x_wconf 84' lang='lat' dir='ltr'>proxime</span> <span class='ocrx_word' id='word_1_193' title='bbox 1013 3643 1132 3709; x_wconf 82' lang='lat' dir='ltr'>Christi</span> <span class='ocrx_word' id='word_1_194' title='bbox 1156 3646 1247 3716; x_wconf 85' lang='lat' dir='ltr'>nate-</span> 
     </span>
     <span class='ocr_line' id='line_1_29' title="bbox 96 3754 1248 3841; baseline -0.006 -22"><span class='ocrx_word' id='word_1_195' title='bbox 96 3754 182 3820; x_wconf 87' lang='lat' dir='ltr'>libus</span> <span class='ocrx_word' id='word_1_196' title='bbox 204 3756 304 3835; x_wconf 86' lang='lat' dir='ltr'>iestis,</span> <span class='ocrx_word' id='word_1_197' title='bbox 331 3777 436 3822; x_wconf 89' lang='lat' dir='ltr'>coram</span> <span class='ocrx_word' id='word_1_198' title='bbox 460 3757 617 3841; x_wconf 83' lang='lat' dir='ltr'>dignitate</span> <span class='ocrx_word' id='word_1_199' title='bbox 640 3761 697 3822; x_wconf 86' lang='lat' dir='ltr'>tue</span> <span class='ocrx_word' id='word_1_200' title='bbox 720 3757 795 3822; x_wconf 88' lang='lat' dir='ltr'>dum</span> <span class='ocrx_word' id='word_1_201' title='bbox 818 3773 1032 3837; x_wconf 87' lang='lat' dir='ltr'>comparerem</span> <span class='ocrx_word' id='word_1_202' title='bbox 1057 3770 1248 3834; x_wconf 85' lang='lat' dir='ltr'>pressusque</span> 
     </span>
    </p>
   </div>
   <div class='ocr_carea' id='block_1_9' title="bbox 96 3851 1249 4051">
    <p class='ocr_par' dir='ltr' id='par_1_10' title="bbox 96 3851 1249 4051">
     <span class='ocr_line' id='line_1_30' title="bbox 100 3851 1248 3946; baseline -0.01 -21"><span class='ocrx_word' id='word_1_203' title='bbox 100 3861 373 3928; x_wconf 73' lang='lat' dir='ltr'>monsuetudinem</span> <span class='ocrx_word' id='word_1_204' title='bbox 399 3867 486 3928; x_wconf 89' lang='lat' dir='ltr'>tuam</span> <span class='ocrx_word' id='word_1_205' title='bbox 510 3863 615 3928; x_wconf 90' lang='lat' dir='ltr'>minus</span> <span class='ocrx_word' id='word_1_206' title='bbox 637 3863 785 3928; x_wconf 87' lang='lat' dir='ltr'>decenter</span> <span class='ocrx_word' id='word_1_207' title='bbox 816 3879 962 3946; x_wconf 81' lang='lat' dir='ltr'>egressus</span> <span class='ocrx_word' id='word_1_208' title='bbox 985 3855 1090 3920; x_wconf 85' lang='lat' dir='ltr'>verbis</span> <span class='ocrx_word' id='word_1_209' title='bbox 1113 3851 1248 3936; x_wconf 81' lang='lat' dir='ltr'>fatigavi</span> 
     </span>
     <span class='ocr_line' id='line_1_31' title="bbox 96 3958 1249 4051; baseline -0.007 -20"><span class='ocrx_word' id='word_1_210' title='bbox 96 3989 133 4032; x_wconf 88' lang='lat' dir='ltr'>ex</span> <span class='ocrx_word' id='word_1_211' title='bbox 156 3973 249 4051; x_wconf 85' lang='lat' dir='ltr'>parte</span> <span class='ocrx_word' id='word_1_212' title='bbox 270 3967 363 4033; x_wconf 90' lang='lat' dir='ltr'>filioli</span> <span class='ocrx_word' id='word_1_213' title='bbox 394 3967 456 4034; x_wconf 91' lang='lat' dir='ltr'>mei</span> <span class='ocrx_word' id='word_1_214' title='bbox 487 3967 620 4034; x_wconf 89' lang='lat' dir='ltr'>senioris</span> <span class='ocrx_word' id='word_1_215' title='bbox 644 3965 805 4046; x_wconf 86' lang='lat' dir='ltr'>Udclrici,</span> <span class='ocrx_word' id='word_1_216' title='bbox 837 3965 892 4048; x_wconf 91' lang='lat' dir='ltr'>qui</span> <span class='ocrx_word' id='word_1_217' title='bbox 926 3962 1061 4028; x_wconf 87' lang='lat' dir='ltr'>secundo</span> <span class='ocrx_word' id='word_1_218' title='bbox 1090 3960 1124 4024; x_wconf 90' lang='lat' dir='ltr'>in</span> <span class='ocrx_word' id='word_1_219' title='bbox 1147 3958 1249 4024; x_wconf 86' lang='lat' dir='ltr'>lustro</span> 
     </span>
    </p>
   </div>
   <div class='ocr_carea' id='block_1_10' title="bbox 99 4066 1248 4216">
    <p class='ocr_par' dir='ltr' id='par_1_11' title="bbox 99 4066 1248 4216">
     <span class='ocr_line' id='line_1_32' title="bbox 99 4066 1248 4154; baseline -0.006 -16"><span class='ocrx_word' id='word_1_220' title='bbox 99 4073 203 4140; x_wconf 83' lang='lat' dir='ltr'>Ytalie</span> <span class='ocrx_word' id='word_1_221' title='bbox 225 4072 403 4140; x_wconf 84' lang='lat' dir='ltr'>studendo⁴</span> <span class='ocrx_word' id='word_1_222' title='bbox 428 4078 460 4138; x_wconf 90' lang='lat' dir='ltr'>et</span> <span class='ocrx_word' id='word_1_223' title='bbox 483 4073 574 4138; x_wconf 93' lang='lat' dir='ltr'>modo</span> <span class='ocrx_word' id='word_1_224' title='bbox 592 4071 697 4138; x_wconf 84' lang='lat' dir='ltr'>Padus</span> <span class='ocrx_word' id='word_1_225' title='bbox 719 4075 845 4154; x_wconf 86' lang='lat' dir='ltr'>tempus</span> <span class='ocrx_word' id='word_1_226' title='bbox 860 4068 947 4148; x_wconf 87' lang='lat' dir='ltr'>terit,</span> <span class='ocrx_word' id='word_1_227' title='bbox 972 4066 1187 4151; x_wconf 82' lang='lat' dir='ltr'>preceberque</span> <span class='ocrx_word' id='word_1_228' title='bbox 1213 4071 1248 4131; x_wconf 91' lang='lat' dir='ltr'>ut</span> 
     </span>
     <span class='ocr_line' id='line_1_33' title="bbox 663 4173 683 4216; baseline 0 0"><span class='ocrx_word' id='word_1_229' title='bbox 663 4173 683 4216; x_wconf 77' lang='lat' dir='ltr'>s</span> 
     </span>
    </p>
   </div>
   <div class='ocr_carea' id='block_1_11' title="bbox 101 4256 1249 4599">
    <p class='ocr_par' dir='ltr' id='par_1_12' title="bbox 101 4256 1249 4599">
     <span class='ocr_line' id='line_1_34' title="bbox 166 4256 1247 4338; baseline -0.012 -15"><span class='ocrx_word' id='word_1_230' title='bbox 166 4269 179 4324; x_wconf 90' lang='lat'>1</span> <span class='ocrx_word' id='word_1_231' title='bbox 202 4267 263 4338; x_wconf 76' lang='lat' dir='ltr'>vgt</span> <span class='ocrx_word' id='word_1_232' title='bbox 279 4263 468 4321; x_wconf 83' lang='lat' dir='ltr'>Wnttenbeoh</span> <span class='ocrx_word' id='word_1_233' title='bbox 485 4264 503 4318; x_wconf 89' lang='lat' dir='ltr'>i.</span> <span class='ocrx_word' id='word_1_234' title='bbox 522 4263 549 4318; x_wconf 91' lang='lat' dir='ltr'>d.</span> <span class='ocrx_word' id='word_1_235' title='bbox 563 4262 685 4318; x_wconf 80' lang='lat' dir='ltr'>Ztschrit</span> <span class='ocrx_word' id='word_1_236' title='bbox 703 4263 722 4318; x_wconf 83' lang='lat' dir='ltr'>f.</span> <span class='ocrx_word' id='word_1_237' title='bbox 735 4260 766 4314; x_wconf 84' lang='grc'><strong>(1.</strong></span> <span class='ocrx_word' id='word_1_238' title='bbox 786 4259 813 4316; x_wconf 89' lang='lat' dir='ltr'>d.</span> <span class='ocrx_word' id='word_1_239' title='bbox 827 4258 995 4316; x_wconf 82' lang='lat' dir='ltr'>Oberrheins</span> <span class='ocrx_word' id='word_1_240' title='bbox 1012 4256 1100 4324; x_wconf 83' lang='lat' dir='ltr'>XXII,</span> <span class='ocrx_word' id='word_1_241' title='bbox 1119 4259 1162 4312; x_wconf 87' lang='grc'>89.</span> <span class='ocrx_word' id='word_1_242' title='bbox 1230 4259 1247 4311; x_wconf 82' lang='grc'>2</span> 
     </span>
     <span class='ocr_line' id='line_1_35' title="bbox 102 4345 1245 4426; baseline -0.01 -18"><span class='ocrx_word' id='word_1_243' title='bbox 102 4355 165 4426; x_wconf 78' lang='lat' dir='ltr'>Vgl.</span> <span class='ocrx_word' id='word_1_244' title='bbox 187 4354 306 4425; x_wconf 73' lang='lat' dir='ltr'>Aligem.</span> <span class='ocrx_word' id='word_1_245' title='bbox 326 4353 353 4408; x_wconf 90' lang='lat' dir='ltr'>d.</span> <span class='ocrx_word' id='word_1_246' title='bbox 370 4349 541 4424; x_wconf 80' lang='lat' dir='ltr'>Biogrephie</span> <span class='ocrx_word' id='word_1_247' title='bbox 560 4349 645 4415; x_wconf 82' lang='lat' dir='ltr'>XXV,</span> <span class='ocrx_word' id='word_1_248' title='bbox 664 4351 724 4406; x_wconf 79' lang='lat'>462.</span> <span class='ocrx_word' id='word_1_249' title='bbox 819 4351 836 4404; x_wconf 86' lang='lat'><strong>3</strong></span> <span class='ocrx_word' id='word_1_250' title='bbox 855 4347 960 4418; x_wconf 75' lang='lat' dir='ltr'>loigeri</span> <span class='ocrx_word' id='word_1_251' title='bbox 980 4345 1245 4415; x_wconf 78' lang='lat' dir='ltr'>lobeecrhebungen.</span> 
     </span>
     <span class='ocr_line' id='line_1_36' title="bbox 102 4431 1249 4514; baseline -0.007 -18"><span class='ocrx_word' id='word_1_252' title='bbox 102 4441 195 4514; x_wconf 76' lang='lat' dir='ltr'>4ng</span> <span class='ocrx_word' id='word_1_253' title='bbox 219 4441 265 4497; x_wconf 90' lang='lat' dir='ltr'>die</span> <span class='ocrx_word' id='word_1_254' title='bbox 288 4439 401 4512; x_wconf 73' lang='lat' dir='ltr'>angabe</span> <span class='ocrx_word' id='word_1_255' title='bbox 424 4439 455 4494; x_wconf 91' lang='lat' dir='ltr'>in</span> <span class='ocrx_word' id='word_1_256' title='bbox 477 4439 540 4495; x_wconf 89' lang='lat' dir='ltr'>dem</span> <span class='ocrx_word' id='word_1_257' title='bbox 565 4437 654 4494; x_wconf 79' lang='lat' dir='ltr'>brieio</span> <span class='ocrx_word' id='word_1_258' title='bbox 673 4437 783 4492; x_wconf 87' lang='lat' dir='ltr'>Ulrichs</span> <span class='ocrx_word' id='word_1_259' title='bbox 816 4453 869 4491; x_wconf 87' lang='lat' dir='ltr'>von</span> <span class='ocrx_word' id='word_1_260' title='bbox 891 4436 955 4490; x_wconf 82' lang='grc'><strong>1161</strong></span> <span class='ocrx_word' id='word_1_261' title='bbox 984 4431 1134 4504; x_wconf 81' lang='lat' dir='ltr'>[Anzeiger</span> <span class='ocrx_word' id='word_1_262' title='bbox 1152 4432 1172 4487; x_wconf 81' lang='grc'><strong>1.</strong></span> <span class='ocrx_word' id='word_1_263' title='bbox 1190 4431 1249 4488; x_wconf 86' lang='lat' dir='ltr'>ch</span> 
     </span>
     <span class='ocr_line' id='line_1_37' title="bbox 101 4527 754 4599; baseline -0.008 -15"><span class='ocrx_word' id='word_1_264' title='bbox 101 4529 126 4584; x_wconf 86' lang='lat' dir='ltr'>d.</span> <span class='ocrx_word' id='word_1_265' title='bbox 145 4528 256 4586; x_wconf 80' lang='lat' dir='ltr'>Vcneit</span> <span class='ocrx_word' id='word_1_266' title='bbox 275 4528 342 4586; x_wconf 87' lang='grc'><strong>1879</strong></span> <span class='ocrx_word' id='word_1_267' title='bbox 361 4546 388 4599; x_wconf 92' lang='lat' dir='ltr'>p.</span> <span class='ocrx_word' id='word_1_268' title='bbox 411 4529 459 4584; x_wconf 92' lang='grc'><strong>197</strong></span> <span class='ocrx_word' id='word_1_269' title='bbox 481 4527 521 4599; x_wconf 79' lang='lat' dir='ltr'>lt]</span> <span class='ocrx_word' id='word_1_270' title='bbox 544 4529 631 4582; x_wconf 85' lang='lat' dir='ltr'>cnten</span> <span class='ocrx_word' id='word_1_271' title='bbox 651 4543 692 4582; x_wconf 87' lang='lat' dir='ltr'>nr.</span> <span class='ocrx_word' id='word_1_272' title='bbox 712 4528 754 4581; x_wconf 82' lang='grc'><strong>41.</strong></span> 
     </span>
    </p>
   </div>
   <div class='ocr_carea' id='block_1_12' title="bbox 0 0 1517 5070">
    <p class='ocr_par' dir='ltr' id='par_1_13' title="bbox 0 0 1517 5070">
     <span class='ocr_line' id='line_1_38' title="bbox 0 0 1517 5070; baseline 0 0"><span class='ocrx_word' id='word_1_273' title='bbox 0 0 1517 5070; x_wconf 95' lang='lat' dir='ltr'> </span> 
     </span>
    </p>
   </div>
  </div>
 </body>
</html>
