3062 5068
806 383 871 449 206

257 558 398 626 studium
420 562 534 628 nedum
558 561 711 626 honorem
737 561 801 626 rite
823 581 860 625 ac
882 561 1021 625 nominis
1043 558 1264 626 celebritatem
1288 563 1322 623 te
1345 578 1428 621 esse

258 673 470 747 consecutum,
493 690 601 734 verum
627 673 660 732 et
682 666 891 752 dignitatem,
924 687 1021 750 quam
1043 667 1173 750 pacifice
1195 669 1228 730 te
1250 663 1429 749 possidere

257 771 298 835 ab
320 771 392 855 alijs
408 771 577 858 intelligo¹
595 819 707 838 .....
727 769 832 835 Habes
849 771 1144 836 reverendissimum
1164 774 1287 854 patrem
1306 788 1344 832 ac
1364 767 1428 830 do·

258 875 380 941 minum
396 877 426 943 d.
437 875 621 962 Jo[annem]
635 877 765 942 ecclesie
779 875 990 961 Eyetettenris
1000 873 1159 960 presulem
1175 873 1426 958 dignissimum,

258 981 347 1046 cuius
362 982 482 1048 imitari
499 981 701 1068 diligenciam
716 987 747 1048 et
763 983 980 1048 assiduitatem
996 983 1101 1061 debes,
1123 981 1177 1068 qui
1194 986 1227 1046 te
1243 981 1273 1044 iu
1298 977 1426 1063 cogui-

257 1086 346 1152 cione
368 1109 476 1152 earum
500 1109 616 1166 rerum,
640 1110 701 1174 que
723 1087 763 1152 ad
783 1088 882 1153 vitem
906 1093 938 1153 et
959 1109 1062 1154 mores
1086 1087 1261 1170 pertinent,
1283 1105 1351 1168 que
1378 1084 1429 1148 ab

259 1193 472 1258 ornatissimis
494 1194 571 1258 viris
590 1194 661 1259 ideo
684 1192 893 1258 humanitatis
924 1194 1030 1260 studia
1050 1192 1208 1278 appellari
1231 1193 1425 1267 censentur,

260 1298 335 1382 quia
370 1298 531 1363 hominem
554 1304 709 1364 exornant
731 1303 765 1363 et
785 1299 937 1384 precipue
959 1300 992 1364 in
1014 1299 1100 1382 hijs,
1128 1319 1189 1384 que
1217 1296 1255 1361 ad
1277 1295 1427 1358 institu-

259 1403 379 1468 tionem
402 1404 478 1483 rite,
501 1403 595 1469 decue
617 1411 650 1470 et
672 1405 797 1470 landem
814 1407 976 1490 pertinere
990 1406 1139 1471 sidentur
1154 1401 1177 1469 ¹.
1193 1453 1201 1467 .
1220 1452 1226 1466 .
1245 1399 1428 1484 ‚Excepto

259 1507 288 1574 d.
311 1506 525 1593 Eystettensi,
559 1509 614 1594 qui
647 1508 827 1594 complures
858 1511 968 1577 doctos
1000 1511 1085 1577 viros
1113 1509 1153 1574 ad
1180 1506 1424 1592 reconquirit,

258 1610 366 1678 nullos
391 1614 440 1679 vel
463 1635 580 1697 paucos
595 1613 738 1698 presules
753 1614 787 1679 in
803 1612 996 1680 Alemannis
1011 1615 1176 1699 reperires,
1201 1613 1258 1699 qui
1278 1610 1331 1676 vel
1346 1611 1428 1676 sint

260 1717 369 1803 aliqua
382 1718 510 1784 liberali
527 1719 696 1804 discipline
711 1720 826 1786 imbuti
842 1718 891 1785 rel
907 1741 970 1800 ece,
993 1721 1028 1785 in
1047 1720 1162 1806 quibus
1177 1719 1236 1784 illa
1256 1717 1421 1800 vige(n)t,

258 1821 368 1907 aliquo
392 1822 510 1889 bonore
532 1823 715 1911 dignentur.
764 1824 873 1912 Atque
888 1828 947 1894 bec
969 1828 1097 1913 quidem
1121 1849 1216 1894 cauea
1238 1830 1286 1890 est
1308 1825 1426 1908 potis-

258 1929 347 2008 sima,
370 1951 427 1994 cur
441 1931 541 1995 multo
555 1953 702 2015 perverse
721 1954 740 1997 a
755 1933 954 2016 principibus
969 1938 1119 2018 agantur,
1142 1953 1214 1998 oum
1231 1951 1333 2015 neque
1350 1930 1426 2013 ipsi

259 2034 413 2117 sapientie
438 2037 566 2101 studere
598 2037 699 2102 velint
730 2059 832 2123 neque
849 2037 973 2104 :colunt
991 2037 1028 2123 (l)
1059 2038 1215 2121 sapientie
1243 2035 1424 2101 studiosos.

259 2137 469 2214 Quamobrem
492 2142 614 2224 gaudeo
636 2144 851 2227 ipsemecum,
875 2145 935 2209 tibi
959 2166 1033 2212 vero
1056 2143 1222 2229 gratulor,
1245 2141 1300 2224 qui
1322 2142 1422 2205 tuam

259 2243 502 2311 adolescentiam
516 2269 579 2312 non
592 2249 735 2333 corporis
749 2248 908 2314 illecebris
919 2255 976 2315 aut
991 2250 1150 2334 voluptati
1160 2247 1254 2334 (aut),
1267 2250 1302 2312 ut
1319 2245 1426 2310 multi

260 2350 454 2427 mortalium,
479 2353 631 2420 dedicasti
654 2359 703 2420 set
718 2355 832 2439 studijs
848 2360 882 2420 et
896 2355 1051 2434 doctrine,
1074 2376 1136 2439 que
1151 2354 1302 2438 quoniam
1312 2351 1354 2416 ad
1371 2352 1422 2417 vi·

259 2460 324 2522 tam
344 2459 422 2522 bene
444 2459 610 2544 agendam,
636 2464 694 2526 lroc
720 2467 768 2526 est
783 2463 822 2526 ad
839 2463 991 2528 virtutem
1007 2467 1040 2527 et
1057 2462 1257 2527 honestatem
1278 2459 1424 2523 maxime

259 2563 437 2628 conferunt.
482 2563 651 2631 Persevera
672 2567 786 2650 igitur,
808 2573 845 2633 ut
868 2569 999 2652 cepisti,
1023 2571 1056 2633 et
1078 2573 1216 2633 mentem
1241 2585 1357 2630 revoca
1381 2566 1423 2628 ad

260 2690 305 2745 ea,
328 2690 390 2753 que
415 2675 447 2734 te
471 2669 628 2736 excelsum
645 2678 679 2738 et
694 2671 874 2757 preclarum
890 2679 1025 2758 possunt
1041 2675 1181 2752 reddere,
1208 2692 1345 2756 sequens
1362 2693 1419 2737 ve-

259 2773 357 2857 stigia
381 2795 501 2854 eorum,
529 2777 584 2861 qui
619 2777 745 2863 legendi
777 2800 884 2845 curam
921 2801 991 2847 cnm
1015 2779 1156 2864 negoeijs
1186 2778 1423 2861 coniungentes

259 2878 341 2942 vicio
364 2883 397 2944 et
420 2881 621 2964 turpitudine
644 2890 825 2952 caruerunt.

733 3079 943 3090 ....--———-.

261 3371 453 3448 Hermann
477 3375 632 3452 Schedel
659 3402 708 3451 an
737 3381 845 3453 einen
873 3381 1152 3454 unbekannten.
1196 3379 1412 3474 Augsburg.

552 3532 614 3588 olm.
634 3533 686 3588 224
705 3533 725 3588 f.
743 3535 795 3590 253
815 3534 933 3605 einlage.
971 3535 1094 3606 concept
1102 3533 1121 3586 ⁸.

262 3653 524 3740 Erinnerung
546 3679 595 3720 an
612 3657 782 3724 lrdhere
805 3656 1415 3743 lasciveliebesgeechichten.

349 3789 451 3859 Salus.
496 3792 705 3862 Ornatissime
730 3799 780 3863 vir
794 3804 1025 3887 preceptorque
1047 3799 1234 3864 venerande.
1280 3796 1318 3862 In
1336 3798 1417 3862 banc

267 3904 299 3962 te
323 3899 434 3964 urbem
460 3899 614 3967 Venerie‘
648 3905 772 3971 salvum
792 3906 922 3990 redijsee
944 3905 1038 3971 hodie
1060 3903 1217 3970 relacione
1239 3902 1343 3988 Syber
1365 3923 1416 3966 ac·

824 4032 840 4072 s

332 4111 343 4163 l
366 4108 440 4163 Geht
466 4110 700 4180 mdglicherweise
727 4113 780 4168 aui
803 4113 848 4168 die
874 4113 1035 4183 erlangung
1056 4113 1105 4168 der
1128 4110 1252 4183 propetei
1281 4109 1417 4181 (erl'clgtc

260 4195 333 4249 nach
353 4196 542 4252 freuudlicher
561 4199 726 4269 mitteilung
744 4199 792 4255 des
812 4200 895 4254 herru
915 4201 986 4270 prol.
999 4199 1128 4255 Schlecht
1147 4199 1176 4254 in
1191 4199 1336 4254 Eicbstatt
1353 4197 1416 4251 arri·

260 4281 343 4336 echon
366 4285 433 4338 1458
452 4303 477 4338 u.
496 4287 548 4352 63),
567 4285 604 4340 da
626 4287 741 4342 Sobedel
762 4287 894 4343 Willrelm
922 4289 952 4342 in
978 4288 1033 4344 den
1057 4291 1150 4344 ersten
1169 4287 1276 4343 briefen
1303 4285 1415 4342 einiaoh

261 4371 415 4435 canonicus,
433 4377 491 4428 erat
508 4374 569 4430 hier
588 4375 645 4430 und
663 4375 735 4432 oben
756 4393 798 4432 nr.
817 4375 852 4431 38
870 4377 1045 4448 praepositus
1064 4376 1188 4432 anredet
1243 4377 1335 4432 tDer
1354 4377 1416 4430 sate

261 4455 297 4512 ist
317 4459 508 4517 unvollendst.
580 4465 597 4518 3
617 4463 751 4520 Frdherer
768 4465 892 4520 entwnrl
908 4466 926 4524 l.
946 4467 1006 4522 859.
1077 4465 1176 4536 lvgl.
1195 4465 1266 4521 oben
1284 4483 1326 4528 nr,
1346 4475 1372 4530 7,
