3002 5070
816 414 858 478 56

258 617 353 678 quam
367 593 388 672 ¹,
413 615 476 658 non
493 598 528 658 ut
543 599 650 677 grates
680 593 811 672 debitas,
835 598 883 658 set
908 597 943 656 ut
959 597 1051 676 grate
1065 592 1180 656 mentis
1203 593 1347 678 signum,
1373 593 1420 654 in-

257 699 356 763 dicem
380 702 557 782 testemque
579 699 750 782 suscipias,
780 699 839 763 sub
861 698 981 763 rustico
1012 697 1147 782 quodam
1177 697 1299 781 pudore
1335 701 1420 762 tam-

258 826 351 889 quam
376 803 589 890 Augusteusis
612 803 749 887 populus
773 824 860 889 rogo,
884 803 977 868 deum
1009 804 1114 886 ipsum
1144 823 1248 866 rerum
1272 803 1418 867 omnium

257 914 422 994 parentam
445 909 595 984 imitans,
628 927 722 992 quern
747 907 780 970 in
805 907 1004 972 tenuioribus
1027 905 1193 989 sacriflcijs
1215 907 1269 990 pie
1295 909 1420 973 utentis

258 1017 291 1078 et
312 1015 456 1097 generosi
481 1013 619 1097 pectoris
652 1013 821 1077 alacritate
844 1012 995 1077 delectari
1026 1017 1060 1076 et
1084 1031 1144 1094 ego
1167 1011 1260 1077 credo
1284 1019 1319 1078 et
1344 1037 1419 1098 gra·
1476 1043 1477 1052 ¹

257 1119 378 1185 vissimi
409 1125 554 1184 auctores
586 1119 758 1183 affirmant.
805 1117 1040 1202 Sepenumerc,
1073 1121 1162 1201 pater
1186 1117 1319 1200 optime,
1345 1141 1419 1203 per-

257 1225 352 1304 suasi,
379 1225 462 1310 quod
494 1224 608 1289 civitas
632 1223 796 1306 Augusta,
819 1244 915 1307 quam
938 1222 999 1287 tibi
1021 1227 1154 1306 pretura
1177 1226 1233 1286 tua
1255 1227 1289 1286 et
1312 1225 1422 1307 sepius

257 1329 461 1414 amplissimis
494 1329 559 1393 tuis
582 1329 614 1392 iu
638 1329 727 1392 illam
751 1328 873 1391 meritis
895 1327 1066 1410 obligasti,
1088 1327 1238 1407 libenter,
1261 1329 1325 1392 nisi
1351 1351 1420 1393 mos

257 1436 312 1500 ills
336 1435 489 1498 maiorum
512 1433 710 1512 exolevisset,
732 1453 863 1497 coronas
886 1433 946 1497 tibi
961 1433 1105 1509 donaret,
1128 1435 1250 1496 statuas
1275 1454 1336 1516 pro
1363 1455 1415 1496 ro-

258 1541 334 1605 stris
357 1543 498 1622 poneret.
544 1537 611 1612 Qua
634 1536 763 1622 quidem
792 1543 956 1620 tamquam
981 1537 1095 1602 eximie
1118 1537 1250 1602 virtutis
1273 1538 1420 1621 iusignia

260 1645 392 1730 quedam
419 1644 498 1708 bena
524 1644 647 1708 meritis
670 1643 708 1707 de
731 1665 765 1706 rc
789 1643 917 1726 publica
939 1643 1016 1707 viris
1039 1643 1118 1708 olim
1136 1641 1175 1728 [f.
1193 1641 1269 1728 325]
1295 1643 1421 1707 tribue-

259 1749 388 1827 bantur,
412 1748 540 1812 tametsi
566 1754 670 1814 statue
686 1747 743 1812 ille
766 1748 889 1831 lapidee
911 1753 1042 1813 externa
1065 1770 1103 1813 ao
1118 1752 1208 1814 muta
1229 1749 1420 1814 viderentur

259 1853 389 1918 virtutis
412 1854 623 1933 monimenta,
658 1859 854 1938 quapropter
877 1853 1036 1937 Ageslaus
1067 1854 1121 1918 ille
1153 1852 1365 1936 gravissimus
1390 1855 1420 1916 et

259 1959 395 2023 illustris
418 1957 649 2043 Spartanorum
673 1979 728 2021 rex
751 1956 872 2020 nullam
897 1961 954 2022 aut
977 1959 1086 2022 fictam
1110 1962 1166 2021 aut
1181 1957 1303 2040 pictam
1327 1979 1419 2042 yma·

259 2065 367 2148 gisem
392 2064 430 2127 ad
455 2085 559 2128 rerum
574 2063 741 2147 magnifice
759 2068 922 2144 gestarum
943 2063 1162 2127 testimonium
1179 2083 1332 2147 umquam
1359 2064 1417 2126 sibi

258 2167 327 2232 fieri
350 2189 460 2252 passus
482 2175 539 2235 est.
587 2165 676 2232 Cives
692 2168 794 2251 igitur
811 2167 1038 2252 Augustensas,
1065 2172 1159 2252 pater
1173 2167 1303 2250 optime,
1328 2173 1417 2232 tuam

257 2275 378 2340 scilicet
401 2275 564 2359 egregium
592 2274 793 2359 ymaginem,
825 2272 1075 2356 preclarissimus
1106 2278 1234 2336 tuarum
1257 2274 1417 2339 virtutum

259 2381 378 2459 laudes,
402 2384 544 2444 eternam
568 2380 753 2444 meritorum
779 2385 905 2443 tuorum
939 2378 1191 2444 recordationem
1216 2399 1279 2444 nou
1305 2379 1417 2464 utique

258 2487 292 2549 in
315 2485 431 2550 statuis
458 2521 498 2532 -
524 2491 560 2549 ut
584 2487 698 2568 opinor
721 2521 766 2532 —
793 2485 1011 2564 collocabunt,
1043 2485 1096 2550 sed
1124 2483 1238 2548 animis
1261 2484 1329 2548 suis
1353 2486 1414 2549 iam

258 2591 380 2674 pridem
404 2591 577 2655 infixerunt
600 2594 632 2654 et
653 2591 701 2655 ita
733 2591 916 2668 infixerunt,
949 2594 985 2655 ut
1008 2595 1040 2656 at
1062 2591 1203 2655 virentes
1227 2591 1414 2674 magnificas

259 2697 297 2761 de
321 2702 353 2760 ta
376 2694 610 2779 predicaciones
641 2696 770 2761 effusuri
793 2718 927 2781 ,semper
950 2699 1015 2762 sint
1039 2702 1070 2762 et
1095 2698 1268 2762 morientes
1294 2699 1334 2764 ad
1361 2719 1415 2762 no·

258 2806 357 2866 stram
381 2801 602 2884 posteritatem
635 2802 874 2868 celeberrimam
905 2803 954 2868 tui
988 2803 1125 2868 nominis
1156 2802 1276 2868 famam
1301 2803 1415 2869 certis-

259 2908 341 2970 sima
365 2907 425 2970 lide
449 2906 681 2972 transmittant.

348 3010 383 3074 ln
407 3009 489 3074 banc
505 3011 632 3094 quidem
648 3013 845 3076 sentenciam
862 3011 957 3096 plura
972 3013 1109 3078 scribere
1126 3013 1158 3076 iu
1178 3013 1415 3097 presenciarum

258 3117 365 3196 nolui,
397 3137 433 3181 ea
456 3117 657 3200 potissimum
679 3118 718 3182 de
740 3139 850 3196 causa,
880 3139 920 3182 nc
942 3118 1127 3182 adulacione
1150 3119 1198 3182 uti
1215 3153 1258 3164 -
1275 3119 1360 3203 quod
1384 3119 1414 3180 iu

258 3223 345 3288 omrai
360 3223 427 3287 vita
444 3222 630 3307 fugiendum
649 3229 753 3289 est-
770 3229 826 3288 aut
842 3245 1093 3308 supervacaneus
1117 3245 1184 3290 esse
1206 3224 1265 3288 tibi
1280 3225 1414 3290 viderer.

347 3327 466 3392 Verum
482 3328 609 3412 dignius
626 3351 691 3394 esse
707 3331 823 3406 censui,
848 3333 885 3394 ut
900 3330 937 3394 ad
970 3331 1079 3394 literas
1108 3330 1257 3408 venirem,
1282 3350 1345 3413 que
1362 3349 1415 3413 per

258 3433 408 3498 nuncium
435 3433 627 3500 Mairmiller
658 3435 738 3500 mibi
773 3435 894 3500 reddite
925 3436 1066 3501 fuerunt.
1115 3433 1199 3499 Nam
1221 3437 1259 3498 ut
1282 3439 1415 3517 paterne

259 3540 297 3603 ad
322 3560 372 3602 me
394 3539 517 3613 scribis,
542 3541 587 3604 ita
611 3542 744 3626 antiqua
767 3541 923 3623 sapientia
947 3541 1100 3606 redolent.
1156 3539 1194 3603 ln
1220 3540 1335 3622 primis
1358 3541 1414 3603 ita-

259 3665 329 3729 que,
353 3645 451 3724 scias,
476 3646 559 3728 quod
589 3667 662 3711 cum
687 3644 843 3710 Mautue'
867 3667 976 3726 essem,
999 3666 1059 3730 pro
1082 3645 1191 3729 gracia
1212 3645 1413 3730 adipiscenda

257 3749 390 3833 enixeqe
413 3750 510 3815 eciam
535 3751 580 3814 ibi
605 3751 818 3829 elaborarem,
856 3755 892 3815 ut
917 3751 1119 3834 privilegium
1143 3751 1182 3815 ad
1205 3748 1334 3814 instar³
1358 3749 1413 3814 eli-

258 3876 338 3934 cere,
371 3857 407 3918 ut
436 3856 484 3921 ita
515 3857 665 3936 dixerim,
697 3879 837 3942 possem,
866 3858 1012 3923 dominus
1036 3857 1174 3922 Thomas
1198 3854 1412 3921 Pirkbamer⁴

258 3981 349 4023 suum
375 3960 413 4024 ad
438 3983 487 4025 me
511 3963 646 4045 quadam
669 3963 720 4028 die
743 3963 831 4027 misit
864 3963 1034 4044 famulum,
1064 3966 1101 4028 ut
1131 3963 1170 4027 ad
1199 3962 1265 4026 eius
1288 3961 1414 4026 domum
1476 4013 1477 4026 ,

827 4068 846 4104 *tr

330 4135 340 4187 1
363 4133 421 4189 cod.
440 4133 469 4188 iu
489 4152 555 4204 qua.
609 4136 625 4190 2
645 4136 714 4193 llort
733 4133 837 4191 betand
857 4135 916 4191 sich
935 4138 990 4192 seit
1005 4137 1046 4192 27.
1066 4135 1123 4192 mai
1136 4137 1221 4207 papst
1234 4133 1300 4189 Pius
1321 4152 1412 4207 weges
1476 4151 1477 4188 3

257 4221 304 4276 des
324 4218 604 4293 'l'lirlrencongrssses
676 4225 693 4280 3
715 4223 796 4279 Kana
816 4225 859 4280 ich
881 4225 959 4280 nieht
978 4225 1116 4280 erkltren.
1189 4223 1363 4279 4Domhsrr
1381 4239 1410 4275 ru

256 4309 439 4380 Regensburg
451 4310 508 4380 vgl.
521 4311 600 4377 Will,
612 4311 720 4369 Nitrub.
734 4313 1000 4370 Gelehrtenlexikon
1016 4313 1063 4381 llI,
1088 4313 1139 4368 182
1154 4313 1184 4367 ff.
1221 4311 1259 4365 Er
1272 4311 1311 4366 ist
1330 4311 1411 4380 lange

256 4397 311 4452 uait
330 4395 371 4451 als
391 4399 527 4453 vertreter
555 4399 604 4454 dar
622 4399 700 4455 stadt
722 4400 904 4472 Ragensburg
929 4401 986 4456 und
1013 4401 1084 4456 auch
1110 4400 1160 4456 der
1178 4398 1336 4454 bairisclren
1356 4400 1412 4454 ber·
1476 4389 1477 4418 ³

258 4503 326 4554 noge
345 4503 383 4540 an
402 4486 451 4540 der
469 4485 549 4540 lrrrric
569 4487 625 4540 und
645 4487 789 4544 anderswo
807 4489 911 4558 thttig.
