2990 5068
805 443 866 510 102

259 621 332 700 fnit,
356 623 447 685 tauta
469 618 634 705 voluptate
662 619 794 685 affectus
816 643 905 700 sum,
935 625 1055 706 quauta
1077 626 1163 686 certe
1186 641 1312 686 summa
1336 640 1413 704 erga

259 729 293 790 te
315 730 348 790 et
368 724 446 790 fides
470 724 730 790 etbeuivoleutia
752 748 823 791 mea
837 723 950 791 afferre
966 726 1083 810 potuit.
1131 725 1266 791 Georius
1290 724 1412 810 itaque,

260 836 435 895 scortorum
452 835 606 913 petronus
621 831 773 914 optimus,
795 853 948 897 unacum
966 830 1148 896 Alexandro
1170 829 1417 914 concapitulari,

261 936 316 1020 qui
339 939 416 999 tunc
439 935 583 1018 Auguste
606 940 685 1015 erat,
709 939 814 1001 scorta
840 939 910 1000 tum
936 935 1031 1019 plura
1054 935 1213 1014 convenit,
1237 957 1301 1020 que
1325 935 1418 1000 avide

261 1046 314 1104 tue
330 1039 637 1123 congratulabantur
659 1040 820 1126 dignitati,
844 1040 1058 1126 fecissentque
1075 1041 1136 1106 boc
1151 1041 1235 1106 idem
1251 1040 1360 1106 multo
1376 1041 1415 1104 li·

263 1144 398 1222 bentius,
421 1145 448 1208 si
472 1147 505 1209 te
527 1151 674 1229 presente
697 1147 874 1230 tripudium
896 1147 1010 1232 iugens
1033 1146 1110 1231 ipsis
1134 1147 1238 1211 facere
1260 1144 1417 1211 licuisset.

261 1248 372 1334 Spero,
395 1248 533 1315 multum
566 1251 735 1316 addidisses
765 1252 891 1317 veteri¹
925 1253 1025 1318 amori
1057 1256 1114 1318 tuo
1137 1251 1196 1334 (et)
1227 1271 1286 1316 uec
1308 1251 1420 1316 minus

262 1356 393 1441 antique
415 1357 533 1441 gracie,
556 1357 582 1420 si
607 1379 646 1421 ex
671 1357 741 1441 ipso
765 1357 868 1437 vultu,
891 1357 917 1421 si
935 1379 974 1421 ex
989 1378 1064 1423 voce
1080 1361 1112 1422 et
1128 1379 1166 1422 ex
1181 1357 1260 1441 ipsis
1275 1357 1418 1441 denique

262 1459 362 1526 oculis
392 1482 499 1525 eornm
533 1460 565 1524 iu
589 1466 622 1526 te
646 1461 789 1527 animum
822 1463 911 1526 etin
944 1483 1052 1527 omnes
1077 1462 1223 1527 fortunas
1246 1467 1319 1525 tuae
1342 1483 1419 1544 per·

262 1564 406 1648 cepisses.

350 1667 509 1754 Suspicor,
521 1671 628 1738 eodem
645 1678 677 1737 te
692 1672 838 1738 laborare
858 1673 979 1750 morbo,
994 1677 1044 1737 set
1060 1669 1138 1750 noli,
1154 1692 1261 1755 queso,
1279 1670 1420 1753 amplius

264 1795 327 1839 uno
340 1779 372 1840 et
383 1795 463 1841 vano
475 1777 583 1842 labore
591 1777 849 1843 muliercularum
862 1778 959 1842 vitem
973 1782 1061 1842 tuam
1073 1798 1266 1842 consumere.
1295 1775 1418 1840 Vellem

265 1881 393 1966 utique,
417 1886 453 1946 ut
476 1882 678 1948 valetitudini
703 1887 756 1948 tue
779 1883 897 1968 potius,
930 1905 1024 1968 qnam
1049 1881 1206 1948 illecebris
1235 1881 1418 1946 inservires.

265 1987 336 2071 Age
357 1986 567 2071 penitentiam
585 2009 642 2072 per
664 1986 725 2052 hoc
748 2010 881 2068 snorum,
906 1988 989 2074 quod
1006 1993 1116 2066 restat,
1140 1994 1267 2072 tempus
1291 1987 1343 2051 vel
1367 2009 1419 2050 su-

265 2113 409 2176 premum
432 2091 546 2158 saltem
571 2093 713 2158 triduum
736 2098 811 2159 ante
834 2115 948 2178 pasca,
979 2093 1081 2158 vitem
1102 2097 1139 2159 ut
1162 2091 1304 2158 declines
1326 2114 1347 2155 a
1370 2091 1419 2155 lu·

266 2197 372 2277 bricia,
395 2195 543 2262 sollicito.
579 2196 652 2262 Scio
675 2185 821 2283 namque,
845 2202 1000 2283 quantum
1025 2198 1136 2263 horum
1154 2195 1419 2262 commemoracio

266 2302 517 2389 iutegracionem
541 2303 658 2368 veteris
674 2303 801 2369 lascirie
818 2307 950 2388 prestat,
968 2307 1106 2368 testante
1121 2307 1235 2386 poeta:
1262 2301 1419 2366 »Amores

266 2408 327 2473 sibi
350 2408 473 2472 somnio
496 2407 620 2493 fingit«
669 2405 788 2472 Tamen
813 2429 885 2473 cum
908 2407 998 2472 nulla
1014 2407 1164 2484 remedia,
1189 2429 1250 2491 que
1274 2405 1419 2470 vulneri-

267 2514 326 2578 bus
335 2512 537 2593 adhibentur,
549 2519 673 2578 tantum
688 2513 811 2578 faciunt
824 2515 974 2594 dolorem,
987 2535 1083 2599 quam
1096 2535 1157 2598 que
1168 2518 1244 2576 sunt
1253 2511 1420 2586 salutaria,

267 2618 412 2683 floridam
442 2623 531 2682 tuam
563 2619 807 2684 adolescentiam
841 2619 1083 2704 ingenitamque
1114 2618 1174 2683 tibi
1205 2617 1364 2682 virtutem
1388 2618 1419 2680 in

267 2744 376 2788 omnes
399 2726 432 2788 et
454 2725 560 2803 tuum,
591 2745 684 2808 quem
709 2724 784 2790 deus
806 2746 863 2789 suo
886 2731 1028 2808 tempore
1055 2722 1232 2808 postulabit
1255 2722 1419 2806 spiritum,

268 2829 511 2913 contemplando
540 2829 601 2894 tibi
631 2829 752 2909 obicio,
786 2853 805 2894 a
840 2832 955 2914 quibus
986 2834 1092 2894 antem
1116 2827 1193 2913 quid
1216 2827 1420 2911 dispensator

267 2933 348 3000 lucri
371 2932 563 2999 talentorum
588 2935 740 3016 iuveniat,
763 2957 869 3020 queso,
893 2937 920 3000 si
942 2940 1132 3000 veteranum
1154 2938 1188 2998 et
1203 2955 1372 3018 uunquam
1388 2939 1419 2997 te

269 3041 302 3104 in
325 3039 437 3106 castris
469 3047 640 3124 tyrannum
665 3043 890 3126 prospexerit?
929 3039 1028 3106 Crede
1050 3039 1144 3118 mihi,
1177 3043 1281 3104 sertus
1304 3038 1422 3104 dilacio

268 3165 398 3211 usuram
414 3145 520 3229 pariet
535 3151 567 3210 et
583 3149 755 3211 retractem
770 3146 860 3212 lento
871 3147 973 3231 gradu
988 3146 1163 3210 vindictam
1179 3143 1306 3228 anplicij
1332 3165 1420 3209 eom·

269 3250 416 3335 pensabit
437 3251 578 3336 gravitas
590 3250 612 3315 ¹.
659 3250 727 3317 Hec
749 3252 888 3316 breviter
910 3256 1035 3316 torrens
1058 3251 1090 3315 in
1115 3272 1164 3315 me
1187 3251 1331 3315 evomuit
1352 3255 1420 3335 spi-

270 3356 388 3437 ritus⁸,
412 3355 567 3440 utplures
591 3381 714 3424 mecum
737 3364 778 3436 et,
801 3359 827 3421 si
851 3360 964 3437 minue,
988 3363 1020 3422 te
1037 3357 1151 3422 saltem
1174 3356 1358 3422 reducerem
1379 3361 1421 3424 ad

270 3482 410 3546 superos.
456 3460 538 3526 Nam
565 3465 640 3551 quid
665 3470 722 3544 est,
746 3465 830 3551 quod
853 3485 998 3530 excussos
1028 3463 1158 3528 cottidie
1180 3462 1286 3547 agites
1310 3468 1423 3528 renes?

273 3567 391 3632 Claude
413 3568 507 3648 rivos,
530 3575 578 3635 sat
603 3575 660 3651 est,
683 3577 777 3657 prata
799 3571 960 3637 biberunt.

359 3671 447 3752 Vale,
473 3675 565 3740 decus
580 3698 686 3742 meum
703 3677 900 3762 precipuum,
916 3681 947 3740 et
963 3682 1000 3742 ut
1023 3675 1133 3741 luced
1150 3695 1199 3740 me
1214 3674 1323 3758 sepius
1347 3697 1422 3741 oon·

271 3779 379 3845 volent
401 3778 502 3860 litere,
526 3783 670 3868 apprime
692 3805 757 3848 oro.
805 3783 851 3847 Ex
868 3783 1016 3867 Augusta
1037 3783 1070 3845 4⁰
1094 3779 1202 3863 marcij
1232 3781 1328 3846 1463.

837 3891 855 3931 s

345 3977 356 4029 l
378 3971 436 4028 cod.
456 3975 544 4031 vetus.
615 3976 631 4028 2
650 3975 708 4032 cod.
728 3975 881 4045 gravitate.
952 3969 1051 4043 svgl.
1070 3972 1143 4030 oben
1160 3987 1204 4028 ur.
1221 3973 1265 4029 33.
