2990 5068
781 391 844 458 140

239 569 358 653 scripto
381 569 419 633 ad
443 572 579 632 mentem
603 573 753 648 revocet,
787 567 978 652 resipiscunt
1008 568 1239 654 quodammodo
1262 571 1294 632 et
1317 573 1396 632 tuno

242 675 381 758 primum
397 674 657 739 animadvertunt
679 695 746 740 sese
784 695 841 759 per
863 675 1011 760 angustia
1026 675 1067 739 ab
1083 679 1168 740 recta
1186 674 1319 740 rationis
1344 675 1398 737 via

241 778 390 843 deviasse.
437 777 558 844 Idcirco
583 778 609 842 si
641 783 728 844 recte
761 778 938 856 considero,
969 799 1054 842 mors
1076 778 1166 862 gnati
1189 779 1237 843 tui
1261 801 1321 844 nec
1345 779 1394 842 lu·

239 883 359 968 gendus
384 888 438 948 aut
461 903 536 966 egre
559 882 708 948 ferendus
724 886 781 947 est.
833 881 886 966 Hij
905 883 988 948 enim
1010 883 1146 948 maxime
1161 882 1292 967 lugendi
1307 889 1399 962 sunt,

239 988 283 1074 hij
309 989 401 1074 digni
426 987 566 1054 lacrimis
594 994 627 1053 et
648 988 796 1072 planctu,
841 989 895 1073 qui
919 988 987 1052 eine
1009 988 1153 1068 nomine,
1183 989 1252 1053 sine
1275 989 1401 1054 virtute

241 1093 358 1178 aliqua,
385 1093 453 1158 sine
476 1114 674 1178 quocumque
696 1093 790 1157 liberi
830 1091 968 1157 hominis
994 1093 1149 1158 exercicio
1178 1092 1315 1158 humiles
1339 1095 1401 1158 ab·

238 1197 376 1283 iectique
399 1197 589 1262 moriuntur.
638 1201 697 1263 Ast
718 1199 745 1264 si
785 1220 877 1283 quem
903 1199 1031 1278 virtute,
1053 1199 1222 1283 gravitate,
1246 1203 1401 1264 constan·

239 1303 298 1382 cia,
322 1303 543 1388 magnitudine
576 1304 693 1382 animi,
731 1303 886 1370 felicitate
912 1304 1071 1388 preditum
1105 1304 1144 1368 ad
1166 1325 1201 1368 ee
1222 1303 1299 1368 deus
1320 1325 1401 1368 evo·

240 1407 374 1488 caverit,
407 1409 582 1474 cuiusmodi
606 1408 707 1474 filium
740 1413 831 1474 tuum
855 1431 962 1474 omnes
987 1429 1049 1474 uno
1071 1429 1126 1474 ore
1149 1408 1307 1487 fatentur,
1333 1431 1401 1474 uon

239 1512 407 1577 dolendum
444 1514 535 1579 modo
564 1517 613 1579 set
644 1535 683 1578 ne
714 1514 886 1597 suspirium
920 1514 1048 1600 quidem
1079 1515 1290 1580 emittendum
1311 1534 1401 1578 reor.
1440 1574 1444 1584 ,

239 1614 324 1682 Nam
346 1637 403 1701 per
414 1617 505 1683 deum
527 1620 748 1699 immortalem,
765 1619 841 1705 quid
853 1641 962 1684 sumus
977 1621 1009 1684 in
1026 1619 1085 1684 hoe
1101 1619 1244 1684 mundo?
1278 1615 1402 1682 Nonne

241 1720 390 1800 videmus,
407 1744 501 1808 quam
519 1725 648 1805 incerta,
672 1747 766 1810 quam
794 1725 918 1804 caduca,
943 1747 1038 1810 quarn
1062 1724 1191 1808 fragilia
1212 1725 1320 1790 omnia
1337 1725 1403 1788 sub

240 1826 327 1890 sole?
365 1825 476 1893 Virtus
499 1852 561 1894 nna
583 1835 630 1894 est
651 1830 816 1895 altissimis
841 1829 943 1896 defixa
968 1829 1136 1909 radicibus,
1159 1851 1221 1915 que
1245 1849 1302 1894 neo
1325 1849 1401 1893 rno-

240 1932 306 1995 veri
330 1931 398 1996 looo
421 1955 477 1998 nec
511 1933 695 2000 labefactari
731 1938 846 2018 potest.
907 1933 937 1998 N
942 1957 992 1999 am
1023 1934 1061 1999 ad
1090 1933 1190 1999 vitam
1220 1932 1402 1998 feliciorem

241 2037 519 2124 iocundioremque
541 2045 671 2121 etatum,
695 2045 727 2106 et
750 2039 833 2124 quod
866 2040 966 2104 meins
990 2045 1057 2118 eet,
1081 2041 1225 2102 eternum
1248 2059 1306 2122 pro
1331 2039 1405 2104 suis

240 2142 362 2208 meritis
385 2143 538 2210 divinitus
562 2146 708 2211 evolavit.
743 2145 833 2222 Quod
856 2146 883 2211 si
914 2143 1156 2211 commemorari
1173 2142 1301 2210 voluero
1324 2144 1402 2208 lau-

240 2247 359 2312 dabilia
382 2254 522 2314 veterum
544 2254 642 2333 gesta,
667 2252 834 2336 presertim
865 2252 1067 2336 Anaxagora,
1100 2249 1250 2330 Socratis
1274 2249 1315 2314 Μ.
1334 2249 1401 2315 Ca·

240 2355 325 2418 tonis
348 2359 417 2433 etc,
441 2356 497 2439 qui
520 2355 670 2440 quoniam
685 2378 816 2422 suorum
830 2361 1002 2440 gualorum
1018 2360 1155 2420 mortem
1190 2376 1272 2441 equo
1287 2353 1402 2420 animo

241 2457 395 2539 tulerunt,
418 2459 559 2526 mirificis
582 2461 622 2526 ab
645 2462 792 2526 omnibus
819 2460 964 2526 laudibus
1000 2459 1208 2538 extolluntur,
1231 2463 1401 2526 ettamen

240 2583 348 2627 omnes
371 2565 567 2648 gentilitatis
599 2589 705 2632 errore
736 2567 823 2633 ducti
846 2587 904 2632 nec
937 2564 1031 2630 aliam
1055 2565 1195 2631 melioris
1219 2565 1283 2630 vite
1304 2587 1400 2648 spem

241 2667 365 2733 firmam
388 2669 548 2735 habebant
571 2693 628 2737 neo
650 2679 728 2738 tunc
749 2673 905 2756 temporie
935 2675 1068 2755 propter
1091 2669 1311 2736 infidelitatem
1338 2669 1401 2734 ba-

242 2773 314 2837 bere
336 2779 494 2857 poterant.
541 2775 600 2842 Sed
623 2777 698 2862 quid
723 2777 817 2842 hosce
840 2797 952 2862 graves
986 2775 1070 2840 viros
1093 2781 1297 2860 maturosque
1317 2775 1400 2859 phi·

240 2877 389 2964 losophos
404 2881 515 2962 recito,
538 2903 608 2948 cum
624 2889 701 2968 aput
722 2887 847 2948 nostras
868 2903 972 2946 sacras
1001 2881 1110 2945 literas
1126 2879 1270 2946 Machab.
1286 2878 1347 2945 lib.
1364 2881 1401 2944 2⁰

240 2995 280 3050 c.⁰
296 2985 328 3051 7ο
343 2987 528 3053 muliercula
549 2991 681 3074 quedem
707 2989 818 3073 pudori
844 2987 936 3053 nobis
963 2987 1110 3064 maxime,
1137 2985 1203 3050 sire
1227 2989 1264 3050 ut
1287 2986 1399 3050 verius

239 3091 363 3177 loquar,
386 3093 563 3160 confusioni
595 3096 705 3178 detur,
738 3117 799 3180 qne
822 3115 895 3158 omn
918 3092 961 3157 vii
988 3092 1130 3156 filiorum
1153 3113 1281 3156 suornm
1305 3113 1398 3156 acer-

241 3199 403 3264 bissimam
426 3221 532 3266 necem
555 3223 573 3266 a
596 3201 761 3267 teterrimo
785 3198 920 3284 quodam
960 3216 1036 3278 rege
1058 3217 1187 3281 presens
1209 3197 1400 3281 aspexisset,

241 3305 499 3370 constantissimo
522 3327 645 3390 semper
668 3305 773 3370 animo
798 3322 987 3387 permanens
1014 3323 1053 3364 ne
1076 3301 1241 3365 minimam
1264 3302 1396 3386 quidem

240 3411 404 3477 lacrimam
429 3411 534 3475 emisit
563 3415 619 3475 aut
653 3410 805 3476 tristioris
836 3406 953 3473 mentis
993 3407 1120 3491 signum
1143 3405 1273 3490 aliquod
1296 3406 1396 3472 dedit.

242 3563 575 3584 ..............
603 3515 736 3599 Respice
768 3513 965 3579 celeritatem
1005 3508 1197 3594 rapidissimi
1229 3511 1396 3595 temporis,

242 3614 348 3698 cogita
372 3613 560 3678 brevitatem
585 3613 679 3678 huius
703 3613 828 3695 mundi,
860 3637 917 3699 per
941 3636 1038 3700 quem
1064 3615 1268 3680 usitatissime
1292 3618 1395 3682 curri·

241 3741 319 3784 rnus.
365 3717 505 3784 Observa
528 3718 612 3784 huno
635 3721 819 3785 comitatum
843 3721 974 3784 humaui
1005 3721 1151 3805 generiS,
1180 3721 1291 3786 eodem
1324 3727 1395 3787 ten-

240 3826 377 3902 dentem,
402 3823 541 3888 minimis
565 3823 743 3889 intervallis
767 3827 953 3891 distinctum
981 3827 1078 3890 eciam
1105 3826 1160 3890 ubi
1183 3826 1325 3891 maxima
1348 3829 1395 3892 vi·

240 3931 363 3996 dentur.
410 3927 482 3992 Stat
505 3929 630 4012 quidem
656 3930 809 3993 terminus
833 3931 939 4009 nobis,
984 3931 1038 3994 ubi
1071 3930 1161 3996 illurn
1186 3931 1396 3997 inexorabilis
1493 3977 1494 4012 ,

239 4035 378 4100 fetorum
404 4033 573 4098 necessitas
596 4033 683 4112 fixit,
706 4039 755 4098 set
778 4057 871 4099 nemo
896 4035 956 4099 soit
981 4041 1140 4113 nostrum,
1173 4059 1267 4121 quarn
1294 4059 1396 4122 prope

240 4147 382 4204 versetur
405 4139 568 4202 terminus.
623 4135 675 4202 Sic
698 4139 806 4223 itaque
837 4141 1006 4204 formemus
1029 4141 1191 4219 animum,
1227 4146 1394 4227 tamquam
1493 4189 1494 4212 2

240 4245 278 4309 ad
302 4249 443 4307 extrema
464 4249 594 4307 ventum
618 4245 669 4307 sit.
715 4243 771 4308 Nil
789 4245 980 4324 differamus,
1004 4247 1226 4312 cottidianum
1250 4249 1320 4312 rita
1343 4271 1395 4312 rs·
1493 4231 1494 4250 ,

241 4350 361 4413 cionem
386 4349 536 4413 faciamus
559 4357 590 4413 et
615 4351 751 4414 ludibria
777 4349 871 4416 buius
887 4351 983 4417 seculi
1001 4351 1220 4435 despiciemus,
1243 4373 1307 4436 que
1323 4375 1394 4418 cum

242 4477 330 4534 vana,
353 4475 452 4518 vacua
475 4477 510 4519 ae
532 4461 751 4519 momentanea
775 4457 834 4520 tibi
858 4457 925 4520 risa
949 4456 1133 4542 fuerunt(l),
1156 4459 1196 4524 ad
1227 4457 1394 4523 meliorem
