2990 5068
816 396 879 464 158

273 575 367 639 verba
382 575 459 638 adeo
477 571 520 660 [a]
532 578 562 638 te
579 575 789 658 ponderatum
807 574 846 637 iri
862 595 1048 658 sperassem,
1062 571 1204 656 profecto
1224 575 1282 634 aut
1296 569 1432 634 omnino

272 679 430 744 siluissem
453 683 509 744 aut
531 680 692 745 maturius
715 680 800 744 vires
815 701 899 746 meas
921 678 1097 755 consulens,
1120 676 1349 744 concessissem
1373 675 1433 739 tibi

271 783 449 849 uberiorem
462 784 629 850 materiam
646 785 866 869 respondendi.
913 783 991 848 Cum
1015 783 1125 869 itaque
1152 803 1203 848 mc
1228 779 1432 844 inhonestio-

272 889 369 969 ribus,
394 912 487 974 quam
505 911 690 973 sperassem,
706 891 810 956 verbis
827 891 974 956 invadere
990 889 1123 970 conaris,
1139 909 1202 954 non
1219 886 1316 952 aliter
1334 908 1432 970 qoam

271 999 430 1060 certamen
444 1000 546 1060 tecum
561 995 642 1060 inire
656 996 814 1080 conspicio
824 993 860 1082 [f.
870 992 946 1082 278]
959 995 1175 1062 necessarium.
1203 992 1309 1078 igitur
1319 991 1433 1056 defen·
1483 1001 1484 1024 ¹

271 1101 368 1180 sione,
381 1123 444 1186 qua
457 1122 593 1184 possum,
603 1107 717 1168 contra
732 1103 794 1166 niti
810 1123 917 1186 cogor,
929 1125 967 1166 ne
980 1123 1030 1166 me
1044 1103 1203 1167 conscium
1221 1100 1372 1183 ipsarum
1385 1099 1434 1161 in·

271 1207 470 1271 vectivarum
489 1207 659 1286 existimes,
674 1208 701 1272 si
716 1207 938 1272 taciturnitate
953 1228 1012 1291 pro
1024 1205 1264 1272 defensioneuti
1276 1203 1399 1268 vellem
1416 1203 1433 1267 ¹.

361 1309 480 1374 Scribis
503 1312 535 1375 in
560 1311 673 1394 primis
698 1311 904 1377 clamdestine
926 1311 1081 1396 obprobia
1105 1310 1267 1395 prioribus
1299 1309 1435 1392 scriptis

272 1439 321 1480 me
344 1415 492 1480 effudisse
515 1422 576 1482 etc.
625 1415 750 1496 Livore,
775 1421 811 1481 ut
833 1418 949 1496 sencio,
973 1438 1120 1483 accensus
1143 1416 1175 1481 in
1200 1438 1250 1481 me
1274 1415 1335 1480 hec
1361 1435 1434 1478 ero·

272 1521 513 1587 merevoluisti.
546 1521 658 1587 Priora
676 1545 745 1588 mea
767 1523 898 1607 scripta,
923 1524 1029 1608 palam
1058 1529 1091 1588 et
1114 1524 1146 1588 in
1174 1545 1287 1586 manus
1311 1521 1433 1586 multo-
1484 1529 1485 1552 1

273 1649 342 1690 rum
366 1626 490 1710 perlata
512 1627 754 1694 clamdestinum
779 1629 970 1714 obprobium
994 1630 1124 1694 minime
1150 1629 1344 1704 ostendunt,
1379 1626 1432 1690 sed

272 1732 440 1796 caritatem
462 1731 636 1799 fraternam
654 1735 874 1820 sincerumque
897 1735 1041 1800 animum
1064 1736 1184 1820 pocius,
1207 1733 1334 1798 sibene
1360 1755 1432 1816 per·

272 1837 395 1921 pendis,
417 1859 474 1920 pre
497 1859 530 1902 se
553 1837 671 1904 ferunt.
717 1839 800 1906 Ymo
825 1863 883 1906 nec
907 1841 1078 1927 quicquam
1102 1839 1345 1924 calumpniandi
1361 1845 1431 1904 stu·

273 1942 325 2006 dio
348 1945 461 2007 contra
483 1948 515 2008 te
538 1967 557 2008 a
579 1967 628 2009 me
644 1945 763 2010 dictum
788 1947 988 2032 agitatumre
1012 1968 1162 2032 umquam
1189 1945 1251 2010 fuit
1267 1951 1309 2024 et,
1329 1951 1368 2010 ut
1386 1967 1433 2008 me

272 2053 304 2113 et
320 2047 438 2112 famam
457 2071 559 2114 meam
575 2049 607 2114 in
624 2051 807 2116 discrimino
822 2051 1046 2118 malivolorum
1061 2051 1165 2136 magis
1183 2051 1342 2116 adducere
1358 2071 1431 2134 pos-

272 2154 329 2233 sis,
351 2155 473 2232 scribis,
498 2177 547 2219 me
570 2179 607 2220 ex
632 2155 697 2220 illis
721 2179 798 2237 esse,
822 2159 875 2243 qui
893 2157 1059 2222 dixerunt:
1087 2155 1263 2240 »Linguam
1282 2161 1428 2220 nostram

271 2259 546 2344 magnificabimus
570 2266 650 2327 etc«
693 2257 861 2326 Carissime
878 2261 992 2341 irater,
1014 2263 1131 2326 tritum
1149 2261 1243 2326 estid
1268 2262 1355 2345 apud
1373 2283 1430 2336 me,

273 2365 415 2451 linguam
440 2364 687 2430 interfectricem
711 2387 777 2431 esse
801 2367 905 2432 enimc
923 2371 955 2431 et
971 2368 1107 2432 maxime
1127 2365 1259 2430 lesivam
1276 2367 1428 2438 hominis,

272 2471 355 2556 quod
378 2493 415 2535 ex
439 2470 507 2534 eius
530 2470 690 2553 contingit
713 2471 834 2554 figura,
859 2473 934 2556 quia
956 2477 1004 2536 est
1028 2471 1066 2535 111
1094 2470 1220 2536 modum
1245 2471 1347 2556 gledij
1374 2493 1427 2535 au·

275 2575 392 2659 cipitis,
423 2575 470 2639 bis
500 2575 585 2640 acuti
609 2581 641 2640 et
674 2597 744 2640 cum
776 2577 904 2660 cuspide
934 2581 1036 2642 acute.
1093 2575 1154 2641 l'er
1181 2577 1319 2660 figuram
1345 2577 1429 2640 enim

271 2703 376 2745 rerum
407 2681 549 2747 noscitur
579 2685 712 2755 nutura;
746 2681 841 2746 multi
865 2686 1053 2747 corruerunt
1077 2681 1109 2745 in
1142 2702 1196 2746 ore
1227 2679 1350 2765 gladij,
1376 2679 1427 2744 sed

271 2785 379 2870 plures
401 2787 594 2851 interierunt
616 2786 648 2850 in
672 2786 793 2870 lingua,
817 2792 943 2852 etcum
982 2787 1080 2852 eciam
1104 2785 1246 2871 linguam
1271 2787 1428 2870 optimam

273 2915 409 2971 carnem,
433 2893 507 2958 dum
533 2893 615 2958 bona
638 2896 696 2972 est,
720 2898 752 2957 et
768 2893 950 2977 pessimam,
976 2894 1049 2958 dum
1065 2893 1150 2957 mala
1167 2896 1225 2972 est,
1249 2893 1286 2956 de
1309 2893 1430 2957 mundo

272 3020 338 3062 esso
370 2999 477 3078 sciam,
507 3001 544 3062 nt
576 3003 708 3063 narrant
739 2999 883 3078 historie,
915 2999 1092 3064 consultius
1124 2997 1297 3082 obprobria
1323 3003 1430 3064 tacere

272 3127 395 3190 semper
419 3104 524 3184 didici,
549 3105 664 3169 rectius
688 3104 849 3169 arbitrans
873 3127 991 3189 ponere
1017 3104 1192 3170 custodiam
1225 3104 1274 3169 ori
1302 3126 1374 3169 meo
1399 3109 1429 3168 et

271 3211 389 3276 ostium
413 3209 570 3275 munitum
602 3209 694 3275 labiis
730 3211 828 3290 mele,
860 3233 953 3296 quam
987 3209 1145 3277 declinare
1176 3231 1230 3276 cor
1258 3232 1362 3274 meum
1398 3211 1428 3272 in

270 3318 368 3382 verba
390 3317 516 3382 malicie
528 3365 666 3384 .......
685 3313 696 3402 1
699 3316 720 3383 1.
736 3315 850 3400 27811
867 3365 894 3382 ..

359 3421 428 3486 Nec
450 3422 622 3488 modestius
645 3423 677 3486 in
703 3445 752 3486 me
781 3423 930 3488 invehere
954 3443 1067 3502 cessas,
1089 3423 1143 3487 sed
1159 3421 1347 3507 loquacitati
1361 3443 1429 3488 mee

271 3549 457 3611 responsum
481 3528 556 3590 dare
578 3529 738 3595 annectis:
762 3534 795 3593 11
812 3550 871 3614 ego
888 3529 1046 3593 dicacitati
1072 3531 1125 3592 tue
1149 3528 1288 3592 vicissim
1313 3551 1364 3592 me
1381 3551 1428 3592 re·

271 3654 460 3715 sponsorum
485 3655 548 3696 non
575 3635 736 3700 erubesco.
783 3633 1003 3719 Ignominiosc
1025 3634 1108 3719 pilos
1131 3655 1216 3699 meos
1239 3634 1272 3697 in
1301 3634 1428 3698 niseum

271 3739 407 3804 colorem
432 3738 560 3804 tendere
593 3739 692 3806 miehi
719 3741 828 3806 obicis.
886 3739 945 3806 Sed
979 3739 1102 3805 solatur
1130 3741 1162 3804 in
1193 3739 1306 3825 primis
1334 3761 1428 3804 canos

272 3865 356 3910 meos
391 3843 468 3908 illud
497 3844 673 3912 Domiciani
705 3847 876 3930 principis:
915 3847 991 3910 forti
1014 3847 1121 3911 animo
1152 3844 1220 3910 fero
1249 3865 1371 3910 comam
1398 3848 1426 3908 in

271 3949 486 4014 adolescencia
501 3955 728 4016 senescentem.
777 3951 883 4017 Numa
899 3951 1086 4037 Pompilius,
1111 3953 1166 4037 qui
1182 3949 1355 4017 secundus¹
1380 3953 1426 4015 iu·

272 4060 321 4120 ter
338 4055 497 4121 Romanos
521 4077 611 4139 reges
642 4057 798 4141 dyadema
814 4057 946 4122 sortitus
970 4065 1027 4138 cst,
1044 4057 1084 4122 ab
1100 4057 1317 4122 adolescencia
1332 4077 1427 4121 conns

271 4162 411 4226 creditur
434 4161 542 4227 fuisse.
589 4159 752 4246 Siquidem
779 4160 936 4248 Virgilius
959 4167 1066 4228 noster
1081 4163 1115 4227 in
1133 4161 1306 4242 buccolica,
1331 4183 1424 4246 quam

842 4273 860 4314 a

343 4391 354 4443 l
376 4387 576 4443 Grtsstenteils
595 4387 724 4444 nortlich
753 4388 825 4444 nach
851 4387 914 4444 dem
934 4388 1100 4444 1111111011.
1122 4389 1190 4442 11011
1216 4405 1254 4444 an
1271 4389 1426 4459 Heinrburg

273 4476 491 4546 [loaohimsohm
513 4476 666 4548 Hcimburg
683 4477 735 4532 310
754 4479 784 4546 1.]
857 4478 953 4534 20011.
972 4478 1134 4533 secundnm.
