3002 5070
628 419 670 485 83

84 600 160 664 euim
182 601 214 665 te
237 621 302 664 non
326 601 524 681 postremum
548 595 643 660 huius
666 596 713 660 rei
734 595 893 679 optimum
916 596 1074 662 fautorem
1099 602 1132 661 et
1153 618 1228 681 pro-

86 708 247 780 motorem,
278 703 334 789 qni
358 703 419 768 sibi
443 703 476 767 in
500 700 648 787 pluribus
669 700 840 786 suffragari
863 703 993 786 poterit.
1040 700 1123 767 Sunt
1145 701 1228 768 anim

86 810 128 874 hic
150 809 260 892 plures
282 809 344 872 riri
360 808 445 872 docti
468 812 501 873 et
520 806 601 872 olias
616 807 834 873 adolescentes
856 807 980 892 ydonei,
1004 808 1060 889 qni
1082 808 1229 891 siipsum

83 915 201 980 doctum
212 919 310 998 atque
323 915 481 999 ydoneum
504 914 545 979 ad
568 913 796 997 proficiendnm
823 913 935 977 ducem
958 917 990 976 et
1011 916 1229 996 preceptorem

84 1019 194 1085 habere
216 1040 283 1084 sese
307 1019 454 1098 viderint,
477 1020 516 1084 ad
542 1017 601 1084 hec
620 1018 831 1084 humanitatis
852 1018 958 1083 studia
977 1055 1016 1063 -
1034 1018 1149 1103 quibus
1172 1017 1230 1080 ha·

84 1125 194 1190 tundat
210 1160 254 1172 -
269 1126 462 1208 capescenda
476 1125 708 1198 incitabuntur,
724 1145 760 1190 ac
775 1127 909 1208 propter
924 1124 991 1188 eius
1007 1122 1150 1188 doctrine
1166 1120 1230 1185 ele-

84 1233 218 1314 ganciam
245 1236 278 1296 et
294 1230 513 1315 eloquenciam
528 1230 733 1315 singularem,
749 1251 813 1312 qua
833 1229 947 1314 fulget,
970 1230 1079 1314 plures
1094 1228 1231 1314 quodam

84 1335 241 1400 literarum
257 1337 370 1401 ardore
393 1337 568 1420 flagrantes
583 1334 658 1419 plus
670 1353 748 1420 erga
760 1357 831 1400 eum
847 1335 1057 1400 incendentur
1073 1335 1105 1398 in
1122 1333 1229 1411 finem,

83 1443 104 1505 si
126 1443 305 1507 uberiorem
328 1442 369 1506 ab
392 1463 428 1508 eo
444 1442 611 1508 literarum
628 1441 779 1505 noticiam
802 1439 941 1504 nancisci
957 1439 1091 1522 possint,
1116 1460 1132 1502 e
1156 1437 1228 1522 qui·

86 1547 137 1610 tus
158 1569 220 1613 non
246 1569 371 1632 parum,
396 1553 432 1614 ut
454 1569 558 1632 spero,
582 1545 787 1612 emolumenti
812 1540 1067 1631 reportabit[ur].

628 1880 689 1951 38.

88 2000 272 2076 Hermann
296 2003 451 2078 Schedel
478 2027 527 2076 an
543 2001 719 2074 Wilhclm
747 2021 821 2075 von
840 2001 1066 2076 Reichenau.
1097 2005 1232 2100 [Auge-

506 2127 601 2220 burg
633 2123 730 2198 1460
741 2119 798 2221 l]¹

443 2279 508 2335 olm.
526 2279 579 2334 224
597 2281 615 2338 f.
634 2279 696 2335 318.
733 2279 864 2349 Concept.

169 2403 460 2470 Nachricbten
483 2427 564 2470 von
588 2406 781 2490 magister
802 2403 992 2470 Jacobus
1015 2403 1139 2472 Sam’.

168 2543 369 2610 Herrnannus
392 2543 525 2609 Schedel
558 2545 701 2628 phisicus
723 2543 939 2629 Angustensis
968 2567 992 2608 s.
1017 2569 1048 2630 p.
1084 2547 1233 2630 impartit

86 2648 192 2713 eximio
214 2649 285 2713 viro
307 2649 435 2713 domiuo
449 2646 625 2714 Wilbelmo
648 2649 686 2713 de
704 2647 892 2713 Reichenaw
916 2652 1079 2735 preposito
1102 2652 1232 2716 ecclesie

87 2752 290 2836 llystettensis
313 2757 373 2819 etc.
413 2751 580 2818 Carissimo
604 2754 713 2819 frater.
749 2753 912 2819 Sollicitus
927 2777 964 2820 ac
985 2755 1127 2840 vigilans
1150 2757 1234 2821 circa

87 2879 128 2936 ea,
150 2881 208 2944 que
230 2859 280 2923 tui
304 2859 434 2924 honoris
465 2863 497 2922 et
521 2865 689 2944 provectus
711 2865 801 2940 sunt,
826 2862 927 2946 quoad
958 2863 1085 2939 vixero,
1110 2884 1235 2947 semper

87 2985 135 3026 ero
155 2987 190 3030 ac
214 2987 288 3030 casu
309 2985 342 3028 se
365 2963 519 3030 offerente
542 2967 633 3031 iuxta
648 2970 761 3049 optata
776 2967 978 3032 exactissima
1001 2988 1073 3031 cnm
1095 2967 1233 3052 diligen-

89 3069 129 3132 tia
144 3070 253 3134 ceteris
270 3069 467 3135 coadiuuctia
483 3071 620 3138 efficiam
634 3094 774 3156 operose.
810 3071 965 3158 Magister
979 3071 1118 3138 Jacobus
1133 3071 1205 3137 Sam
1222 3070 1234 3109 ¹

89 3175 181 3254 pridie
196 3175 378 3260 Augustam
401 3177 569 3259 applicuit,
595 3178 713 3242 librum
738 3181 845 3243 tamen
862 3200 953 3243 suum
970 3179 1181 3261 epistolarum
1204 3185 1235 3243 et

89 3279 259 3346 orationum
286 3280 461 3366 llntispone
481 3285 523 3348 ob
556 3285 758 3369 quorundam
782 3283 900 3348 ibidem
924 3285 1087 3350 fautomm
1110 3283 1234 3348 instan-

90 3383 160 3448 ciam
179 3386 471 3453 transscribendum
486 3388 627 3474 reliqnit.
661 3387 758 3464 Dicit,
781 3388 843 3452 sibi
859 3390 892 3452 in
910 3389 998 3453 brevi
1019 3389 1105 3453 mitti
1123 3387 1235 3473 Augu·

91 3493 170 3553 stam.
206 3490 401 3566 Quantocine
421 3491 524 3575 igitur
539 3493 658 3559 ibidem
673 3493 805 3572 venerit,
829 3514 969 3576 operam,
986 3499 1022 3558 ut
1038 3495 1155 3559 habere
1178 3516 1236 3576 po·

91 3596 166 3674 teris,
188 3617 315 3662 omnem
337 3596 427 3662 dabo.
474 3598 611 3664 Gratum
637 3600 750 3682 utique
773 3599 947 3676 haberem,
979 3598 1132 3682 epistolas
1164 3605 1236 3664 tuas

91 3698 200 3780 pluries
223 3702 343 3780 visere,
374 3723 449 3766 nam
472 3723 522 3767 me
545 3703 691 3788 profecto
723 3703 928 3768 familiaritas
953 3725 1063 3768 eorum
1087 3703 1236 3782 delectat,

91 3825 214 3884 qnorum
237 3806 318 3872 mihi
334 3807 492 3872 vetustior
514 3807 633 3873 noticia
650 3807 803 3872 maiorem
827 3809 939 3890 prebet
963 3808 996 3872 in
1013 3807 1236 3873 familiaritate

91 3907 235 3977 fiduciam.
283 3909 432 3976 Pretarea
454 3911 645 3976 familiarius
668 3913 807 3996 amplius
825 3911 903 3977 mibi
929 3913 1091 3978 tibisando
1113 3913 1237 3977 scribas

91 4015 183 4095 velim,
206 4015 358 4101 quoniam
379 4016 463 4080 zelus
486 4015 622 4080 fraterni
645 4039 680 4081 ac
704 4017 813 4081 intimi
836 4019 953 4082 amoris
976 4019 1051 4102 plus
1075 4018 1234 4083 tibisando

93 4139 178 4201 quam
199 4121 374 4186 vobisando
398 4142 468 4185 meo
484 4121 601 4187 iudicio
614 4123 800 4188 dinoscitur.
850 4123 1076 4188 Detestandam
1099 4122 1237 4207 deniqne

648 4248 668 4283 ᾖ

151 4334 162 4385 l
182 4330 323 4402 Datirung
340 4329 478 4398 uusicber,
498 4329 648 4402 jedenfalls
668 4349 717 4388 vor
737 4349 779 4388 nr.
792 4331 834 4396 50,
853 4330 905 4386 das
924 4329 1051 4386 offenbar
1069 4333 1166 4400 sptter
1187 4330 1239 4383 auf

92 4413 131 4469 die
148 4418 281 4474 ruckaeite
299 4417 349 4474 des
366 4419 473 4474 blattea
492 4418 671 4488 geschrieben
691 4419 738 4475 ist.
770 4419 837 4476 Hier
857 4419 931 4474 uach
943 4418 1007 4472 dem
1026 4415 1188 4471 schlullsata
1201 4435 1234 4470 au

91 4498 159 4558 leco.
226 4507 242 4560 '2
261 4492 336 4561 Uber
354 4504 405 4560 ibn
424 4525 445 4560 ι.
465 4505 657 4562 wattenbach
674 4507 706 4562 in
725 4508 752 4562 d.
774 4507 969 4577 forschungen
988 4503 1035 4570 lll.
1054 4506 1106 4560 855
1125 4503 1154 4557 ff.

987 4593 1029 4646 6*
