3062 5068
662 437 723 503 181

95 609 331 675 retraxissam.
377 608 497 676 Varum
514 612 1046 697 propterabstinenoiamnimiam,
1070 613 1103 678 in
1130 637 1194 700 qua
1215 638 1273 699 per

95 736 258 782 mensmn
290 717 322 781 in
357 717 475 784 mundo
508 718 600 785 stetit
632 739 665 784 se
698 719 853 803 probans,
892 717 1106 804 pusillanimis
1141 720 1272 786 affectus

96 819 253 886 delirare
275 823 361 906 cepit
384 823 553 907 inquiens:
601 824 754 890 »Domina
777 823 917 910 Caspar,
950 845 1007 890 cnr
1038 824 1100 890 buc
1129 825 1271 906 venistis,

96 926 199 992 novi.
249 926 331 1003 Quia
353 928 450 993 vultis
465 929 570 996 facere
592 949 701 1013 pacem
718 931 870 996 interme
888 935 921 995 et
944 930 1133 1015 principem.
1162 929 1272 996 Placet

98 1030 206 1112 mibi,
229 1031 343 1098 dicatis
357 1033 506 1119 principi,
529 1039 566 1100 ιιι
589 1055 653 1099 non
676 1035 798 1114 timeat,
822 1035 897 1100 nolo
920 1035 1005 1100 enim
1029 1034 1198 1100 molestare
1221 1035 1271 1121 ip·

100 1159 185 1202 sum
209 1159 314 1222 nequa
335 1139 396 1204 sibi
419 1140 585 1206 subiectos.
644 1139 744 1206 Pavet
767 1141 861 1221 enim,
887 1140 969 1225 quod
993 1139 1089 1205 velim
1111 1139 1272 1224 principes

103 1242 152 1306 de
178 1242 373 1308 Alamannia
410 1244 544 1310 incitare
570 1248 681 1312 contra
703 1267 785 1311 enm.
839 1245 943 1322 Absit,
973 1251 1011 1310 ut
1040 1245 1098 1310 boo
1120 1267 1271 1330 umquam

105 1347 244 1414 faciam.
290 1347 427 1414 Exosum
443 1371 515 1416 cum
533 1350 598 1416 suis
614 1349 625 1388 ¹
640 1350 910 1418 commilitonibus
926 1373 976 1417 me
990 1351 1098 1431 habat,
1121 1351 1197 1436 quia
1211 1351 1272 1417 feci

104 1475 182 1518 rem
205 1454 378 1537 grandem,
411 1477 473 1541 qne
501 1456 647 1524 inaudita
684 1462 733 1523 est
762 1458 801 1522 de
824 1457 932 1542 aliquo
956 1456 1141 1522 Alemanno.
1187 1454 1271 1522 Nam

110 1579 189 1624 mea
212 1558 373 1626 industria
394 1564 573 1647 procuravi,
596 1568 633 1628 ut
658 1563 709 1628 bic
733 1563 926 1648 peramplius
942 1583 1004 1628 non
1027 1562 1144 1627 ducant
1165 1583 1271 1628 coreas

109 1685 222 1748 neque
254 1664 406 1731 mulieres
439 1669 472 1732 in
504 1669 645 1733 vestibus
681 1667 795 1752 longae
825 1667 970 1733 delerant
1003 1667 1124 1732 eandm.
1178 1666 1271 1732 Modo

108 1767 281 1852 vallent(l)
304 1771 420 1854 pacisci
444 1793 576 1852 mecum,
607 1778 644 1838 ut
664 1774 814 1838 iniuriam
838 1773 961 1838 illatam
986 1793 1049 1838 non
1078 1772 1269 1838 vindicarem

112 1874 349 1959 quiapropter
376 1877 544 1943 veritatem
570 1900 622 1944 me
653 1878 829 1962 mancipari
859 1879 1057 1943 conabantur
1081 1878 1269 1953 carceribus,

111 1976 248 2044 taman'
264 2002 302 2044 ex
319 1981 426 2047 divina
450 1982 594 2048 bonitate
616 1982 713 2068 effugi
730 2003 843 2048 manus
859 1982 1090 2048 insidiancium.
1122 1981 1271 2068 Ignoscat

114 2085 164 2148 eia
187 2085 274 2162 deus,
299 2087 352 2152 sed
379 2108 439 2170 ego
462 2089 584 2173 gaudeo
607 2108 662 2153 vos
686 2089 817 2153 venisse.
850 2087 933 2153 Nam
952 2109 1006 2153 vos
1029 2088 1083 2152 bic
1105 2087 1190 2165 estis,
1215 2089 1270 2172 qui

113 2211 183 2254 rem
208 2195 317 2273 potest
338 2193 520 2276 gratificare
541 2198 623 2258 etc<
672 2192 744 2257 Hiis
761 2198 793 2258 et
817 2193 1063 2277 quamplurimis
1085 2190 1158 2256 aliis
1179 2214 1268 2276 yma-

113 2293 340 2378 ginacionibns
363 2301 395 2361 at
409 2295 555 2363 fantasiis
578 2298 697 2363 auditis
713 2299 916 2382 diligenciam
935 2298 1165 2364 exactissimam
1187 2297 1271 2362 cirea

113 2421 190 2464 eum
223 2400 302 2478 leci,
334 2402 394 2467 sibi
418 2405 656 2486 persuadendo,
686 2404 860 2490 siingredi
883 2404 979 2470 vellet
1005 2401 1207 2488 religionem,
1235 2406 1270 2466 ut

114 2505 472 2596 faceretNuremberge
495 2511 533 2575 ad
556 2510 807 2576 consolacionem
830 2510 969 2575 fratrum
994 2514 1026 2574 et
1050 2511 1269 2592 cognatorum.

116 2611 256 2678 Promisi
280 2613 379 2678 sciam
402 2615 614 2699 personaliter
637 2615 718 2680 velle
741 2636 845 2680 secum
863 2616 895 2681 in
920 2615 1025 2681 locum
1049 2615 1095 2679 ire
1116 2612 1269 2678 nativite-

114 2719 169 2782 tis.
215 2705 324 2784 Primo
347 2718 429 2784 dixit
450 2741 484 2785 se
506 2721 801 2805 obtemperaturum
825 2721 983 2787 voluntati
1008 2742 1087 2786 mee.
1129 2717 1270 2784 Tandem

116 2844 212 2888 mans
235 2825 395 2890 revocavit
416 2826 532 2905 omnia,
557 2847 619 2912 que
641 2826 798 2910 promisit.
847 2826 958 2892 Multis
984 2827 1086 2912 igitur
1108 2825 1270 2908 premissis

115 2930 396 3013 persuasionibus,
429 2931 656 2998 blandimentis
689 2935 721 2997 et
742 2932 955 3016 peticionibus
978 2934 1051 3013 post
1074 2930 1215 2996 triduum
1238 2951 1271 2994 se

114 3035 252 3100 tuicioni
276 3056 344 3100 mee
365 3036 514 3102 submisit
536 3041 568 3102 et
598 3059 648 3102 me
670 3059 769 3121 nsque
799 3035 951 3103 Venecias
978 3034 1214 3100 comitabatur⁸
1238 3038 1271 3100 et

115 3161 245 3224 semper
269 3141 424 3224 paulatim
447 3143 480 3207 in
503 3143 620 3208 itinere
641 3143 754 3208 melius
776 3164 812 3207 ac
836 3142 948 3206 melius
970 3163 1004 3206 se
1026 3141 1148 3220 babuit,
1173 3141 1270 3205 mori·

121 3250 263 3332 geratns,
287 3247 518 3332 disciplinatus,
541 3250 673 3314 devotus
694 3270 732 3314 ac
747 3249 896 3333 pacificus
910 3246 1000 3313 valde
1015 3245 1087 3312 fuit.
1124 3244 1271 3310 Veneciis

117 3351 208 3438 quasi
238 3374 294 3437 per
324 3354 516 3438 quindenam
542 3357 576 3419 in
607 3354 806 3420 habitacione
836 3375 907 3420 mea
934 3351 997 3418 luit
1031 3355 1063 3416 et
1087 3349 1215 3433 penitus
1238 3371 1271 3414 se

118 3459 278 3524 voluntati
297 3480 367 3525 mee
388 3460 631 3544 obtemperavit.
686 3460 753 3526 Nec
781 3460 908 3526 domum
941 3457 1026 3522 exire
1050 3457 1188 3522 audebat
1210 3456 1272 3520 nisi

118 3585 188 3630 meo
211 3585 375 3645 consensu,
399 3565 509 3650 ibique
524 3565 563 3630 dc
575 3566 702 3630 cibariis
725 3571 757 3631 et
772 3565 912 3650 potagijs
932 3563 993 3628 sibi
1012 3560 1272 3627 convenientibus

118 3670 332 3755 provisionem
355 3670 415 3735 leci
437 3672 545 3756 sicque
579 3673 781 3755 preveniente
813 3671 920 3736 divina
942 3669 1052 3754 gracia
1078 3668 1156 3732 bene
1178 3669 1270 3732 resti·

119 3781 208 3841 tutus
238 3773 311 3842 fuit.
366 3774 507 3841 Tandem
540 3798 656 3861 equum
686 3777 748 3842 sibi
771 3776 951 3860 comparavi
974 3780 1007 3839 et
1033 3773 1187 3838 famulum
1210 3773 1270 3836 sibi

119 3881 321 3965 adiungendo
338 3881 370 3945 in
386 3881 535 3965 patriam,
551 3887 589 3947 ut
603 3883 743 3948 creditur
760 3882 960 3960 incolumem,
975 3879 1093 3944 remisi.
1134 3877 1168 3942 Si
1183 3877 1272 3942 vobis

120 3986 347 4072 parentelsqne
381 4007 436 4051 sue
459 4009 524 4052 rem
548 3993 674 4072 gratam
698 3988 769 4066 feci,
793 3987 908 4070 placet,
931 3985 958 4049 si
983 4005 1081 4061 secus,
1107 3981 1272 4066 indulgeat

118 4091 302 4157 altissimus.
337 4089 420 4155 Vere
441 4093 468 4155 si
491 4112 662 4177 germanus
684 4091 852 4170 extitisset,
877 4111 939 4154 non
966 4089 1093 4173 pociora
1119 4086 1270 4151 fecissem.

118 4197 239 4282 Spero,
271 4196 355 4281 quod
386 4217 548 4280 nunqnam
573 4197 771 4264 obliviscitur
803 4196 874 4262 mei.
921 4193 954 4258 Si
985 4213 1047 4258 non
1072 4193 1105 4255 in
1130 4195 1273 4273 tempore

119 4305 209 4369 iuxta
231 4303 318 4368 dicta
340 4303 534 4367 medicorum
559 4303 824 4386 prelevissem(!)‚
854 4301 1008 4365 iacturam
1032 4317 1093 4361 non
1119 4297 1271 4362 modicam

191 4522 204 4575 1
225 4519 326 4576 Falscb
344 4519 390 4575 fur
409 4521 501 4576 meisi
574 4519 669 4576 deod.
685 4460 757 4575 lum
830 4519 845 4573 3
864 4515 923 4575 cod.
943 4516 1122 4571 imitabatur.
