2990 5068
628 413 689 478 145

69 586 272 651 venerabilis
288 587 391 671 patris
414 585 627 670 flagrantibus
643 585 763 669 scripta
786 606 853 650 esse
877 585 960 666 volo,
985 586 1035 652 cui
1052 585 1079 650 si
1097 608 1160 654 non
1177 608 1236 672 pro

69 691 213 770 meritis,
246 691 340 756 sicuti
367 690 561 776 expedierit¹
585 690 695 776 aliqua
717 689 810 754 leude
837 691 1029 774 respondere
1057 711 1235 775 possumus,

68 796 192 862 saltem
216 818 282 863 non
297 797 494 876 omittamus,
510 799 666 882 quantum
682 795 768 876 licet,
791 799 886 880 atque
902 797 986 882 quod
1007 796 1156 881 operibus
1172 819 1236 862 non

68 901 265 980 sufficimus,
288 901 479 986 impleamus
502 899 679 966 affectibus.
714 900 804 976 Quod
828 901 954 986 quidem
977 901 1069 966 nobis
1093 905 1236 986 prestare

68 1006 230 1090 dignetur
246 1005 367 1071 Christi
383 1006 503 1070 domini
526 1006 628 1072 nostri
643 1005 828 1086 clemencia,
840 1027 902 1092 que
918 1011 950 1071 ta
965 1005 1019 1072 hic
1043 1005 1234 1072 incolumem

70 1111 125 1176 diu
151 1112 187 1176 in
220 1111 396 1177 multarum
426 1112 605 1176 animarum
635 1111 772 1178 salutem
796 1112 957 1177 custodiat
984 1117 1016 1178 61
1046 1116 1120 1197 post
1142 1112 1237 1178 huius

70 1217 139 1281 vite
163 1238 296 1282 cursum
320 1217 360 1282 ad
382 1238 490 1282 veram
513 1222 546 1282 et
569 1221 709 1281 eternam
727 1217 957 1284 beatitudinem
978 1217 1132 1301 perducat
1148 1220 1235 1283 omni

72 1345 144 1388 cum
170 1324 346 1389 devocione
359 1323 521 1408 percupio.
569 1320 705 1389 Domino
729 1343 799 1388 meo
815 1329 874 1387 rm.
891 1322 921 1387 d.
937 1321 1091 1388 cardinali
1116 1321 1234 1387 humil·

76 1428 154 1493 lime
179 1451 234 1493 me
257 1429 545 1494 recommendatum
562 1427 680 1493 habeas
703 1429 820 1494 obnixe
836 1448 925 1513 rogo.
975 1427 1181 1513 ExAugusta
1201 1429 1235 1492 in

72 1534 217 1600 crastino
241 1535 305 1600 divi
333 1533 551 1600 Bartholomei
575 1556 659 1600 anno
686 1535 782 1601 1465.

555 1749 721 1758 ----·——
746 1749 763 1754 ..

655 1913 689 1986 6.

78 2036 275 2110 Hermann
318 2035 475 2110 Schedel
523 2060 572 2110 an
622 1914 837 2108 liartmann
872 2033 1037 2108 Schedel.
1101 2037 1234 2130 [Auga-

428 2161 539 2256 burg]
572 2159 668 2233 1466
703 2159 796 2232 febr.
836 2159 894 2232 18.

449 2313 620 2371 61662641.
638 2313 700 2369 289.
736 2311 869 2384 Ooncopt.

84 2436 356 2523 Ratschliige
384 2437 452 2503 fbr
481 2437 739 2504 Hartmanus
768 2437 1035 2522 gesundheit
1063 2436 1142 2502 und
1164 2458 1239 2500 aur

220 2544 460 2629 erlangung
484 2544 602 2610 einer
625 2543 882 2630 anstellung
905 2544 971 2608 als
993 2548 1097 2610 arat.

165 2682 311 2748 Salutem
337 2682 508 2764 plurimam
532 2682 619 2747 dicit.
667 2680 785 2748 Patrue
815 2682 984 2748 carissime.
1031 2683 1069 2748 In
1093 2682 1233 2749 crastino

80 2788 141 2853 divi
169 2787 338 2854 Valentini
372 2788 467 2870 [febr.
503 2786 555 2872 15]
589 2793 660 2853 tuas
692 2809 729 2852 ex
762 2787 983 2876 Nurembergu
1014 2789 1094 2853 mihi
1126 2788 1237 2853 literas

81 2897 192 2960 missas
214 2893 331 2978 accepi,
354 2915 373 2958 6
399 2891 517 2972 Padua,
543 2898 580 2958 61
604 2894 750 2978 ipsarum
774 2899 862 2960 tenet
885 2896 1005 2975 datum,
1037 2895 1070 2958 in
1094 2893 1146 2958 die
1168 2893 1237 2978 epi-

79 2999 198 3082 phanie
223 2999 302 3083 [jan.
323 2997 356 3083 6]
381 2998 538 3064 obsolute.

166 3103 298 3171 Gaudeo
313 3106 431 3169 mirum
454 3105 487 3169 in
503 3104 641 3186 modum,
665 3106 883 3172 amantissime
901 3110 1027 3190 patrue,
1050 3110 1082 3171 te
1099 3105 1236 3189 pristine

83 3211 262 3296 so[s]pitati
285 3212 469 3276 restitutum
494 3232 571 3289 esse,
596 3233 691 3296 quem
714 3218 747 3276 et
770 3212 847 3276 mihi
872 3232 1074 3276 communem
1096 3231 1154 3294 pro
1180 3230 1236 3274 no-

83 3322 144 3382 stre
168 3317 314 3381 amicicie
336 3316 405 3380 iure
428 3315 520 3380 duco.
568 3315 615 3381 Da
637 3338 786 3401 operam,
809 3323 846 3383 61
869 3323 954 3382 recte
976 3323 1008 3381 te
1032 3317 1136 3400 ipsum
1160 3336 1235 3380 oon·

85 3441 200 3502 serves,
223 3420 302 3486 haut
316 3420 439 3499 dubito,
464 3421 642 3487 habundius
665 3428 697 3488 te
721 3423 752 3488 id
778 3443 867 3507 posse
882 3423 1057 3488 canonibus
1071 3420 1235 3486 facultatis

84 3531 189 3592 nostre
211 3525 406 3592 sufficienter
419 3527 577 3592 imbutum
602 3528 758 3612 perficere
779 3535 811 3594 61
826 3528 967 3615 qualiter
982 3527 1238 3594 convalescentes

85 3636 148 3716 regi
173 3633 309 3696 debeant
331 3631 523 3710 informare,
546 3637 666 3710 tamen,
698 3653 778 3712 reor,
812 3634 910 3698 habes
933 3637 966 3698 et
999 3634 1142 3699 doctores
1165 3635 1237 3697 tuos

85 3757 205 3823 semper
226 3738 265 3802 ad
294 3756 422 3800 manum
455 3744 629 3820 promptos.
685 3735 807 3804 lterum
840 3745 939 3823 atque
962 3739 1098 3817 iterum,
1131 3742 1167 3802 61
1189 3737 1237 3802 tui

86 3861 189 3908 curam
213 3863 315 3926 geras,
338 3839 481 3906 fraterne
503 3842 625 3907 hortor.
674 3842 767 3909 Nosti
798 3845 901 3922 enirn,
937 3845 1019 3929 quod
1044 3845 1165 3910 debiles
1189 3844 1237 3907 in-

87 3950 167 4015 cauti
190 3948 426 4034 promptissime
458 3948 640 4028 recidivant,
670 3949 758 4035 que¹
790 3972 865 4017 vero
899 3971 997 4035 grove
1020 3949 1052 4013 in
1079 3949 1240 4032 plerisque

88 4055 244 4138 sepissime
267 4052 408 4120 minatur
430 4054 616 4137 periculum.

167 4159 242 4226 Non
266 4183 379 4244 parum
394 4160 493 4225 eciam
508 4160 639 4226 sanitati
655 4165 710 4226 166
728 4162 927 4228 restituendo
944 4161 1098 4244 prolicere
1114 4161 1236 4242 poterit

89 4268 220 4333 mutacio
250 4266 331 4332 atris
354 4271 387 4330 et
410 4267 559 4351 regionis,
583 4271 753 4352 postquam
785 4269 925 4352 insignia
959 4268 1143 4331 doctoratus
1166 4287 1235 4330 sus·

653 4371 671 4409 ὴ

153 4499 167 4550 1
186 4513 224 4552 ac.
244 4513 288 4552 res
306 4494 435 4551 recidiva

141 4599 248 4644 misser.
998 4585 1030 4638 10
