3062 5068
796 401 857 466 196

245 576 339 642 huius
361 577 457 642 seculi
482 577 528 641 nil
553 578 616 642 uisi
638 577 920 656 assentacionibus,
944 576 1025 641 dolis
1048 581 1080 640 et
1095 576 1236 642 comodis
1261 575 1411 660 proprijs

245 681 367 748 deditos
400 685 485 748 omni
526 685 664 768 seposito
706 683 913 764 verecundis,
953 681 1257 748 circumvenciouem
1296 680 1409 746 locum

243 788 361 872 absque
384 790 504 874 pudore
536 795 616 875 oput
646 811 697 856 eos
727 791 883 856 obtinere.
935 787 1004 854 Hec
1033 807 1197 852 veronen
1221 792 1260 850 ut
1282 808 1303 852 o
1327 808 1409 870 pro-

244 897 348 976 posito
372 899 479 960 vestm
503 895 637 961 honesto
660 903 692 959 st
715 895 823 959 divino
849 893 1013 960 retraham
1035 893 1166 958 scribo¹
1177 940 1273 958 .....

330 997 361 1064 S.
385 1023 416 1084 p.
441 1002 470 1066 d.
500 1001 657 1086 Georgius
680 1021 851 1086 germanus
874 1006 979 1066 vester
1001 1004 1033 1064 et
1056 1017 1126 1082 ego,
1153 998 1268 1063 doctor
1288 1002 1326 1062 et
1348 1019 1410 1081 pc-

243 1110 315 1169 true
331 1108 502 1187 carissime,
525 1107 625 1174 locuti
641 1127 748 1172 sumus
765 1106 828 1189 hijs
843 1105 953 1171 dicbus
969 1105 1060 1170 uxori
1072 1101 1237 1190 Jo[cnuis]
1257 1101 1410 1168 Lemmel

244 1211 333 1275 iuxta
355 1211 503 1277 affectatu
526 1235 585 1297 pro
614 1213 683 1278 filiu
704 1212 821 1278 sororis
845 1232 900 1277 sue
923 1210 1199 1296 Pcumgsrtnerin,
1229 1215 1267 1272 ut
1302 1209 1412 1280 scitis,

245 1339 306 1402 que
330 1318 436 1383 animo
460 1324 553 1404 grato
577 1319 728 1403 omnique
751 1317 971 1383 benivolencia
993 1315 1167 1400 peticiones
1197 1319 1324 1378 nostrus
1347 1335 1411 1378 ac·

243 1422 328 1505 oepit
352 1427 384 1486 et
399 1423 467 1488 sine
483 1425 592 1504 dubio,
614 1430 771 1511 quantum
788 1447 846 1508 per
862 1445 930 1489 enm
943 1427 1052 1502 steret,
1077 1443 1134 1505 pre
1150 1421 1274 1486 cunctis
1298 1421 1411 1504 ipsam

243 1527 332 1591 vobis
355 1529 562 1594 matrimonio
586 1531 677 1616 iungi
693 1529 800 1595 vellet.
848 1528 925 1594 Post
938 1527 1041 1593 mults
1061 1533 1098 1592 ut
1119 1533 1227 1611 partes
1247 1547 1322 1592 suas
1342 1547 1412 1610 pro

245 1632 332 1696 vobis
356 1633 559 1718 interponere
580 1635 677 1699 vellet
693 1635 886 1721 rogavimus,
912 1639 948 1699 ut
970 1633 1117 1698 effectum
1142 1653 1201 1717 pro
1217 1632 1306 1696 vobis
1329 1653 1408 1696 sor-

243 1738 298 1800 tiri
311 1758 472 1820 possemus
486 1741 589 1805 medio
606 1741 688 1805 bono
704 1762 881 1824 operosum.
906 1739 973 1816 Qus
988 1760 1059 1804 oum
1076 1739 1183 1802 omnin
1200 1737 1302 1802 iacere
1315 1736 1410 1820 puli-

243 1844 384 1923 cebstur,
409 1846 536 1909 tandem
560 1846 593 1909 iu
618 1845 675 1911 lrec
698 1846 848 1930 prorupit
869 1847 983 1923 verbs,
1006 1865 1146 1910 sororem
1170 1865 1259 1908 suum
1282 1842 1409 1908 Peum-

243 1949 409 2031 gcrtnerin
433 1950 615 2015 iamdudum
638 1953 840 2036 proposuisse
863 1973 934 2016 cum
954 1952 1084 2016 filiabus
1108 1951 1174 2015 suis
1189 1950 1410 2034 Bombergum

242 2053 329 2116 odire
352 2059 384 2117 et
409 2054 447 2118 sd
471 2053 570 2118 filiam
594 2075 683 2120 susm
700 2053 865 2120 Orolnerin
892 2055 950 2121 hoc
968 2077 1052 2119 anno
1071 2057 1293 2139 desponsatum
1317 2060 1351 2120 st
1370 2057 1410 2120 in

243 2158 309 2222 dies
332 2179 365 2222 se
382 2159 420 2222 ad
437 2159 500 2223 iter
515 2160 690 2243 disponere,
715 2163 868 2245 ignorans
884 2183 980 2245 quom
995 2162 1037 2227 ob
1053 2182 1179 2226 cuuscm
1196 2162 1228 2225 id
1244 2161 1370 2245 inciti)
1384 2160 1411 2241 ²,

243 2262 318 2346 quis
341 2264 459 2329 nemini
484 2265 515 2329 id
533 2287 683 2351 umquam
710 2266 883 2351 propalare
897 2266 1009 2332 voluit.
1055 2266 1130 2352 Ipsa
1142 2271 1321 2332 revertente
1344 2289 1413 2351 pro

242 2367 331 2432 robis
355 2369 501 2434 loborcre
526 2391 588 2434 non
613 2392 701 2437 secus
720 2393 813 2456 quam
839 2373 867 2436 si
882 2393 1009 2438 causum
1027 2373 1192 2457 proprium
1207 2376 1321 2457 ageret
1345 2395 1411 2456 po-
1523 2391 1524 2412 ³

242 2471 332 2536 licito
354 2478 409 2540 est.
447 2472 514 2539 Nec
537 2474 659 2540 derides
673 2498 823 2560 umquem
836 2477 954 2542 erimus
974 2477 1110 2558 credite,
1139 2479 1216 2563 quin
1240 2478 1412 2544 solicitore

242 2597 301 2660 pro
323 2578 413 2642 vobis
437 2579 576 2645 fideliter
599 2582 788 2647 curabimus.

721 2751 924 2763 --—-—‚.-—-..

784 2846 843 2920 94.

242 2979 434 3055 Hermann
474 2981 628 3057 Schedel
678 3009 727 3057 au
769 2985 984 3060 Hartmaun
1022 2987 1189 3070 schedel.
1259 2989 1407 3088 [Nuru-

690 3108 781 3202 berg
816 3110 943 3205 1473].

537 3262 600 3316 olm.
620 3261 670 3317 224
691 3263 711 3317 l.
729 3259 795 3320 202⁵
813 3264 933 3337 einlsge.
969 3267 1099 3338 concept

242 3382 546 3451 Nuchrichten
582 3387 695 3452 fiber
730 3387 1064 3474 Regiomontun.
1121 3393 1406 3466 Heirutsvor·

565 3493 713 3579 schlug
736 3494 803 3560 fflr
827 3495 1070 3564 Hartmcnu.

329 3610 472 3676 Salutem
506 3613 678 3696 plurimam
702 3617 789 3682 dicit.
840 3618 918 3684 (lum
944 3619 1005 3702 hijs
1028 3620 1139 3687 diebus
1162 3645 1256 3692 omen
1282 3629 1404 3695 bonum
1519 3599 1520 3643 l

243 3720 428 3780 consecutus
452 3739 550 3784 essem
574 3742 648 3784 cum
674 3723 830 3807 magistro
845 3721 998 3811 Jolcune]
1012 3724 1217 3816 Kiingsperg,
1241 3732 1356 3799 doctor
1373 3741 1407 3799 et

243 3829 356 3904 patrue
379 3820 606 3904 colendissimo,
631 3832 662 3890 et
686 3827 726 3892 dc
743 3829 875 3893 diversis
891 3830 1104 3914 loqueremur,
1129 3835 1228 3902 donec
1244 3860 1310 3903 nox
1334 3840 1406 3924 ipsu
1518 3878 1519 3924 p

242 3927 411 3992 tenebrosa
433 3949 489 3994 nos
504 3937 698 4017 segregaret,
728 3935 934 3999 intercutem
953 3936 1122 4003 incidimus
1138 3940 1170 4004 in
1187 3939 1301 4008 stilum
1327 3966 1405 4010 con·

241 4033 394 4097 cilietcris
425 4034 554 4099 nostri‘
587 4037 624 4101 de
659 4037 720 4121 hijs
755 4041 919 4106 terminis:
953 4043 1041 4124 polin
1076 4051 1108 4109 et
1138 4048 1195 4111 eti.
1242 4049 1403 4125 Quicum

809 4143 825 4180 *
1517 4189 1518 4198 ,

313 4217 325 4269 1
346 4216 401 4270 Der
420 4217 516 4272 zwsitc
535 4217 598 4273 hier
619 4220 827 4289 weggclcsseuo
845 4223 896 4278 teil
915 4222 963 4280 des
982 4224 1083 4281 briefes
1096 4229 1213 4284 cucurri
1225 4211 1272 4284 die
1291 4233 1405 4287 sukdn-
1517 4199 1518 4207 l

239 4302 350 4373 digung
368 4304 417 4358 der
436 4303 475 4358 im
495 4305 646 4376 folgenden
666 4309 811 4364 erzthlteu
830 4311 1151 4383 heirotevermittclung.
1255 4318 1273 4372 u
1296 4319 1403 4376 Vorher

240 4389 326 4444 faciet
344 4390 565 4449 durolmtriclreu.
653 4398 670 4450 3
689 4395 831 4467 Detirung
849 4400 923 4454 nach
942 4398 1004 4454 dem
1026 4401 1128 4456 inholt.
1211 4409 1226 4458 4
1248 4405 1350 4462 Petrus
1369 4409 1403 4464 de

240 4477 340 4532 Abeuo
359 4496 379 4534 s.
400 4477 657 4544 Fabricius-Monet
678 4481 850 4538 Bibliotheca
872 4486 904 4550 V,
922 4485 981 4540 229.
