2990 5068
799 425 861 490 134

262 602 382 667 ventris
405 600 589 686 voraginem
612 603 763 669 calefacto
797 604 1039 690 evaporancium
1063 604 1207 669 ciborum
1231 603 1421 669 fumositate

262 708 400 773 cerebro.
458 706 549 772 Illico
582 731 620 774 er
649 709 818 774 hilaritate
845 710 879 774 in
902 709 1059 776 insaniam
1081 709 1164 787 itur,
1198 730 1303 794 aqna
1329 709 1371 774 de
1393 731 1424 773 se

263 835 380 898 magna
401 834 592 897 presumere,
615 815 802 881 iactationes
824 816 997 895 immense,
1020 815 1124 882 facilis
1149 815 1348 891 credulitas,
1373 836 1424 878 ar·

262 918 437 984 chanorum
461 920 625 1001 reseracio,
647 921 899 988 obtrectacioues
915 942 1188 1009 quorumcumque
1214 921 1332 986 misere
1357 919 1423 985 ori·

262 1030 371 1104 untur,
394 1024 562 1109 blandicijs
585 1031 698 1110 patent
719 1049 820 1094 aures.
867 1027 1042 1094 Paciuntur
1084 1031 1117 1093 et
1140 1026 1220 1092 tales
1242 1025 1425 1110 vertigines

261 1130 407 1208 crebras,
429 1129 479 1194 sui
502 1131 705 1212 oblivionem,
728 1134 882 1199 sermonis
909 1133 1134 1212 indecenciam,
1164 1153 1313 1196 sensuum
1340 1129 1424 1213 liga-

262 1234 387 1313 ciones,
420 1255 548 1319 gressus
579 1237 738 1318 incertos,
770 1239 986 1304 eructacioues
1021 1238 1223 1321 inmitemque
1244 1235 1424 1312 illecebras,

263 1338 337 1404 dum
360 1344 500 1405 stomaco
523 1341 606 1406 vires
630 1365 693 1408 non
717 1348 913 1428 suppetunt,
948 1365 1009 1428 qne
1032 1341 1166 1428 ingessit
1195 1339 1370 1425 ingluvies,
1394 1344 1425 1402 et

262 1443 343 1509 tales
365 1465 592 1529 nonnunquam
617 1449 757 1514 maxima
771 1449 932 1514 anxietate
960 1449 1137 1526 tabescunt,
1161 1469 1284 1512 necesse
1308 1449 1372 1523 est,
1395 1447 1425 1508 et

262 1548 441 1614 tabefactus
463 1551 593 1634 sangnis
615 1553 827 1639 humoresque
850 1556 928 1620 certi
945 1559 1208 1638 corrumpuntur.
1260 1550 1302 1614 Et
1327 1551 1377 1615 sic
1392 1550 1422 1612 in

262 1675 395 1738 corpore
417 1655 521 1720 omnis
542 1659 620 1724 ordo
643 1663 757 1724 nature
780 1659 919 1726 vertitur
941 1660 973 1724 in
996 1659 1095 1744 peius,
1118 1681 1155 1723 ex
1174 1679 1237 1743 quo
1252 1656 1422 1722 oculorum

267 1760 394 1845 orisque
424 1760 525 1825 tocius
548 1762 733 1828 deformitas
748 1763 862 1830 oritur.
908 1762 1064 1827 Oriuntur
1080 1767 1113 1827 et
1128 1761 1260 1845 iusuper
1281 1759 1423 1825 tremula

263 1864 430 1950 paralisis,
461 1865 625 1933 sitibunda
654 1870 832 1954 ydropisis,
870 1869 1041 1935 macilenta
1075 1868 1186 1952 ptisis,
1221 1867 1342 1932 nodosa
1366 1886 1422 1949 po-

262 1970 372 2054 dagra,
405 1969 531 2034 fervens
554 1973 689 2058 prurigo
713 1979 746 2038 et
770 1995 887 2040 nausea
910 1974 1042 2040 stomaci
1080 1972 1251 2038 renuentis.
1297 1969 1423 2046 Quibus

264 2075 362 2138 eciam
393 2075 567 2143 immatura
597 2099 680 2143 mors
717 2101 791 2162 sepe
819 2079 1044 2164 superadditur
1066 2077 1224 2162 plurimis.
1275 2075 1421 2160 Oquam

264 2179 412 2244 maximis
440 2180 586 2246 laudibus
618 2183 800 2249 extollenda
833 2183 962 2249 illorum
997 2189 1045 2248 est
1068 2183 1153 2262 vita,
1177 2205 1240 2267 qua
1264 2181 1347 2246 vicia
1370 2181 1421 2246 de·

264 2284 467 2368 primuntur,
492 2287 594 2352 virtus
616 2287 716 2354 alitur
739 2295 771 2354 et
793 2290 831 2354 ad
855 2289 985 2354 celestia
1020 2310 1108 2352 mens
1137 2286 1302 2352 hominum
1329 2287 1421 2352 facile
1480 2353 1481 2370 ,

264 2388 457 2455 sublimatur
479 2397 512 2456 et
533 2395 636 2459 tocius
653 2395 795 2478 corporis
820 2396 918 2460 robur
937 2395 968 2458 in
984 2393 1160 2459 valitudine
1176 2389 1278 2456 solida
1292 2413 1421 2457 conaer-

264 2497 366 2575 vatur,
391 2518 453 2581 que
479 2502 556 2564 tune
575 2500 676 2580 fiunt,
701 2501 774 2565 dum
803 2522 918 2584 corpus
941 2499 1136 2584 parsimonia
1160 2497 1313 2580 regimus.
1362 2497 1420 2573 Qui

265 2599 347 2664 enim
374 2602 516 2668 continet
529 2609 673 2669 ventrem
697 2627 799 2684 suum,
824 2605 942 2670 minuit
965 2605 1057 2684 vicie,
1082 2608 1114 2669 et
1137 2603 1193 2688 qui
1215 2603 1359 2668 vincitur
1383 2603 1420 2666 ab

264 2705 351 2784 escis,
374 2713 562 2792 augmentat
585 2711 674 2775 vicia.
731 2709 961 2776 Habuudancia
992 2711 1076 2776 eninr
1104 2729 1246 2774 esoarum
1272 2709 1420 2773 nutriunt

265 2810 418 2876 desideria
430 2811 450 2879 ¹.
500 2813 589 2880 Unde
603 2815 806 2882 leronimus:
833 2815 1007 2880 »Ventrem
1028 2815 1201 2880 distentum
1218 2813 1290 2878 cibo
1305 2818 1340 2878 et
1356 2813 1419 2876 vini
1479 2869 1480 2890 ,

266 2916 451 2999 pocionibns
475 2919 644 3003 irrigatum
667 2918 814 3003 voluptas
837 2920 1027 3002 genitalium
1058 2920 1232 3005 sequitur«
1282 2917 1321 2982 In
1345 2939 1411 2984 om·
1479 2903 1480 2912 ἵ

266 3021 359 3086 nibus
382 3021 433 3086 his
455 3045 488 3088 se
510 3025 654 3090 sobrium
677 3024 836 3102 exhibere,
862 3030 898 3090 ut
920 3025 1075 3090 sobrietas
1092 3025 1162 3108 ipsa
1178 3023 1341 3088 hominem
1365 3045 1416 3088 ca·

265 3131 350 3192 stum
372 3127 531 3211 exhibeat,
555 3131 772 3196 sanctionibus
788 3135 916 3215 patrum
932 3135 1071 3196 cavetur.
1119 3129 1202 3194 Nam
1225 3151 1282 3213 per
1296 3129 1416 3194 sobrie·

265 3238 363 3299 tatem
388 3234 488 3318 ipsam
511 3237 653 3302 custodia
676 3237 824 3301 sanitatis
846 3237 951 3302 anime
976 3241 1008 3301 et
1029 3235 1172 3320 corporis
1187 3233 1283 3298 simul
1300 3233 1419 3300 existit.

267 3338 312 3402 hx
336 3339 406 3422 ipsa
428 3361 565 3426 namque
588 3343 746 3426 prodeunt
770 3347 855 3408 caste
877 3343 1101 3427 cogitaciones,
1130 3340 1340 3406 racionabiles
1366 3361 1418 3404 vo-

267 3443 418 3523 luntates,
443 3444 584 3511 salubria
606 3447 747 3526 consilia,
771 3451 803 3512 et
819 3469 876 3530 per
899 3449 1091 3512 voluntarias
1122 3443 1325 3512 afflixioues¹
1349 3465 1418 3510 caro

265 3550 531 3634 coucupiscencijs
554 3552 699 3631 moritur,
724 3559 757 3618 et
778 3553 810 3616 in
835 3553 1009 3619 virtutibus
1031 3553 1171 3638 spiritus
1194 3551 1377 3616 innovatur.

354 3652 476 3720 Deinde
498 3656 692 3736 lamenteris,
716 3665 747 3725 te
768 3659 877 3725 florem
902 3660 1114 3726 adolescencie
1140 3662 1172 3724 et
1188 3657 1365 3723 iuventutis
1390 3657 1417 3720 in

265 3759 461 3825 vanitatibus
482 3763 579 3828 seculi
602 3765 634 3828 in
660 3765 868 3830 universitate
891 3765 1077 3848 expendisse
1099 3769 1131 3828 et
1154 3767 1187 3827 te
1219 3761 1417 3828 fallaciarum

266 3865 485 3932 insolubilium
507 3870 781 3952 argumentacioni
805 3891 934 3953 operam
958 3871 1092 3936 nimium
1116 3869 1238 3934 dedisse
1261 3871 1321 3933 etc.
1358 3867 1416 3930 llx-

265 3972 354 4050 timo,
380 3977 412 4036 te
434 3975 675 4059 tunctemporis
697 3974 731 4039 in
747 3995 870 4040 summo
893 3974 1061 4040 felicitatis
1087 3973 1194 4059 [gradu
1218 3973 1418 4038 estimacione

265 4083 321 4141 tua
343 4077 442 4142 fuisse
471 4079 587 4158 situm,
621 4081 770 4165 quociens
802 4081 886 4146 forte
920 4102 1019 4145 unum
1042 4077 1191 4164 fragilem
1220 4078 1416 4163 silogismum

266 4188 298 4246 et
321 4183 419 4248 niehil
444 4207 482 4249 ex
497 4184 618 4250 nichilo
633 4185 874 4251 concludentem
891 4185 994 4250 multa
1016 4185 1136 4252 cerebri
1160 4185 1331 4269 vertigine,
1353 4187 1418 4248 tota

833 4315 852 4350 Ι·

339 4409 411 4464 llrn
431 4412 547 4480 concept
575 4411 651 4466 steht
676 4409 736 4466 bier
755 4413 842 4467 uuten
869 4410 921 4466 aul
948 4411 999 4466 der
1026 4411 1106 4466 saite:
1143 4410 1230 4466 »Vide
1254 4409 1289 4466 de
1316 4412 1368 4467 hoc
1386 4411 1417 4464 de

267 4495 443 4551 abstinencia
462 4497 491 4550 in
511 4496 582 4554 libro
601 4497 743 4567 antiquo«
817 4499 834 4553 2
852 4497 977 4571 concept
995 4497 1118 4569 richtig:
1138 4496 1313 4554 afflicciones
