2990 5068
610 435 672 500 155

44 611 125 693 quia
146 612 306 694 scriptum
325 615 390 675 est:
417 569 574 673 ‘Multum
590 609 675 674 valet
690 609 872 694 deprecatio
888 610 963 674 insti
980 608 1136 686 assidua«,
1151 605 1159 642 ¹
1184 611 1216 670 et

44 717 134 800 quod
163 717 299 801 propria
322 715 512 800 quandoque
542 722 617 780 rota
649 738 710 781 non
735 717 900 796 obtinent,
931 714 1008 778 facit
1031 711 1215 778 intercessio

44 821 160 885 aliena
179 871 187 885 .
206 874 215 888 .
234 869 267 888 ..

142 924 255 1010 Super
277 927 382 1011 prima
405 927 591 990 transmissa
613 925 751 1010 epistula
774 926 939 991 sufficiant
955 927 1013 990 hec
1029 926 1090 990 tibi
1105 946 1215 1010 panea.

45 1031 208 1096 Ceterum
241 1031 409 1116 gauderem
445 1030 637 1115 plurimum,
667 1032 694 1096 si
718 1032 750 1096 in
775 1031 912 1098 secunda
935 1032 1124 1097 transmissa
1146 1031 1213 1114 epi-

46 1137 139 1200 stula
165 1158 273 1202 sermo
289 1143 363 1202 tuus
378 1140 459 1201 esset
482 1137 652 1202 modestior
672 1143 704 1202 st
720 1138 901 1217 correctior,
925 1137 952 1202 si
974 1136 1087 1222 lingna
1110 1141 1164 1200 tna
1181 1135 1215 1200 in

48 1241 184 1308 lubrico
200 1264 265 1307 uon
282 1243 434 1308 resideret
450 1247 484 1308 et
495 1265 545 1308 me
556 1243 603 1309 sic
613 1244 736 1309 caninis
751 1244 898 1310 dentibus
910 1244 1045 1309 roderet.
1071 1241 1215 1325 Respon-

44 1369 147 1412 sums
159 1353 271 1412 tamen
283 1349 471 1413 intensionis
482 1370 552 1413 mee
561 1349 761 1433 propositum
776 1351 836 1414 snb
846 1350 1014 1415 verborum
1027 1347 1214 1432 compendio

49 1453 186 1518 resolvi.
222 1453 259 1518 ln
277 1455 389 1538 primis
405 1475 475 1518 cunr
492 1454 588 1520 dicis:
608 1453 729 1530 »Quare
745 1459 777 1518 te
788 1454 894 1538 sepius
909 1453 1119 1539 ingemiscere
1134 1473 1214 1529 reor,

50 1579 115 1641 quo
127 1557 179 1622 nil
191 1579 344 1643 umquam
356 1579 425 1625 meo
437 1558 554 1624 indicio
566 1559 683 1624 maiore
695 1559 939 1643 reprehensione
951 1559 1083 1644 dignum
1096 1557 1216 1636 censui,

51 1683 143 1727 ruore
166 1663 373 1744 mulierum«,
386 1663 578 1746 Hermanno,
594 1687 700 1730 nonne
717 1665 800 1731 luxit
818 1665 1059 1750 prothoplastus
1070 1664 1215 1749 genitum

50 1789 149 1834 suom
167 1767 253 1833 Abel
277 1791 336 1853 per
357 1770 517 1835 curricula
541 1769 577 1855 [f.
594 1769 687 1854 276¹]
712 1791 867 1834 annorum
883 1775 1020 1848 centum,
1043 1775 1080 1834 ut
1097 1769 1129 1832 in
1146 1789 1214 1833 sco-

52 1871 171 1938 lastica
196 1873 333 1940 historia
355 1874 517 1958 legimns?
552 1873 665 1941 Nonne
681 1877 712 1939 iu
727 1875 840 1940 Genesi
858 1877 1016 1960 scriptum
1032 1881 1095 1940 est:
1123 1873 1214 1940 »Fle-

52 1979 103 2042 vit
117 1977 261 2064 Egiptus
275 1977 375 2044 Jacob
392 1978 478 2044 LXX
495 1980 649 2046 diebus‘n
687 1979 802 2046 Nonne
825 1980 884 2066 filij
907 1980 1007 2046 Israel
1031 1982 1063 2045 in
1088 2003 1215 2065 campe·

53 2084 179 2149 stribus
196 2085 292 2151 dloab
315 2086 510 2170 planxerunt
527 2085 658 2172 Moysen
678 2087 815 2172 triginta
831 2087 951 2168 diebus,
975 2090 1012 2151 ut
1027 2087 1060 2150 in
1078 2085 1214 2151 Deutro-

54 2191 156 2275 nomij
170 2194 211 2274 (l)
229 2190 392 2275 legimus?
428 2191 543 2258 Nonne
557 2192 716 2259 Johannis
732 2193 899 2259 undecimo
915 2194 1050 2278 legitur:
1078 2192 1214 2258 »ihesus

55 2316 143 2378 ergo,
171 2301 212 2361 ut
234 2297 314 2362 vidit
331 2319 399 2362 eam
422 2298 601 2382 plorantem
626 2302 659 2363 et
672 2297 801 2376 Judeos,
826 2299 879 2384 qui
903 2303 1058 2363 venerant
1079 2319 1210 2374 cumea,

56 2398 235 2483 plorantes,
260 2400 425 2468 infremuit
448 2405 565 2488 spiritu
588 2411 621 2470 et
644 2405 788 2470 turbavit
808 2405 947 2489 seipsum
973 2410 1005 2469 et
1021 2404 1123 2469 dixit:
1152 2401 1212 2467 Ubi

56 2508 213 2588 posuistis
236 2513 332 2574 eum?
365 2509 484 2575 Dicunt
506 2511 553 2575 ei:
587 2507 733 2590 Domine,
757 2511 973 2575 venietvide.
1009 2509 1050 2574 Et
1065 2508 1213 2574 lacrima·

55 2615 105 2674 tus
121 2621 174 2678 est
189 2612 338 2678 lbesus«.
387 2615 433 2679 ldx
450 2614 500 2679 his
515 2615 677 2696 conclude,
700 2617 859 2701 quomodo
875 2615 1053 2702 qualiterve
1069 2617 1102 2680 in
1119 2616 1213 2680 emit·

56 2719 152 2784 tendo
186 2719 334 2784 lacrimas
364 2721 610 2805 reprehensione
642 2743 709 2786 snm
744 2723 870 2806 dignus.
925 2720 1089 2806 Numquid
1120 2721 1214 2786 bomo

56 2827 154 2889 sum?
190 2821 268 2888 Fuit
289 2831 322 2889 et
340 2825 432 2892 hodie
453 2831 503 2892 est
522 2827 555 2892 in
580 2849 638 2907 me,
662 2827 745 2892 sicut
768 2827 914 2912 quolibet
945 2827 976 2891 in
1001 2829 1132 2904 viatore,
1157 2848 1213 2910 ap-

59 2929 181 3008 petitus
204 2930 386 3013 sensitivns,
411 2933 601 2998 sensualitas
624 2955 680 2998 sen
694 2934 852 3013 voluntas,
876 2935 1053 2997 uinctura.
1093 2929 1214 2996 Secun-

60 3032 130 3099 dum
157 3035 243 3100 hanc
265 3037 431 3103 stillabant
447 3037 587 3118 lacrimo,
611 3044 644 3103 et
656 3039 721 3102 fuit
743 3039 827 3104 cordi
846 3038 1097 3104 meocontinuos
1113 3036 1212 3101 dolor.

62 3135 112 3202 Est
135 3141 170 3204 in
188 3161 239 3206 me
254 3144 417 3226 appetitos
435 3144 602 3210 racionalis
627 3165 682 3208 seu
707 3144 864 3223 voluntas,
888 3147 925 3207 ut
948 3141 1134 3218 arbitraria,
1158 3161 1212 3204 seu

61 3245 226 3320 voluntas,
259 3249 411 3314 stratio.
457 3249 635 3314 Secundum
660 3271 756 3333 quam
779 3249 973 3334 gaudebam,
997 3247 1080 3332 qnod
1105 3249 1213 3310 noster

62 3351 164 3415 viator
186 3350 394 3418 Leoubardus
417 3354 503 3419 brevi
528 3377 622 3420 cursu
646 3355 785 3420 feliciter
816 3377 907 3420 snum
932 3353 1118 3418 terminavit
1141 3353 1212 3417 iter.

63 3451 192 3522 Utinam
218 3459 368 3523 tacuisses
384 3463 415 3524 et
434 3461 620 3545 prudentior
636 3462 844 3545 apparuisees.
891 3457 1080 3543 Subiungis:
1108 3479 1214 3522 »more

64 3563 263 3627 mulierum«.
313 3563 502 3647 Hermanne,
525 3571 560 3632 ut
580 3573 656 3631 utar
672 3567 846 3632 Alexandri
861 3565 968 3648 magni
986 3565 1186 3649 grammatici
1201 3564 1212 3601 ¹

63 3667 174 3746 verbis,
196 3688 339 3753 congrua
361 3693 424 3736 non
448 3677 496 3736 est
512 3672 569 3737 hec
590 3673 800 3756 comparacio,
827 3693 900 3737 cum
924 3669 1110 3734 mulieribus
1134 3669 1211 3734 insi-

63 3773 124 3836 tum
149 3773 196 3837 ait
217 3797 236 3839 a
257 3777 389 3856 natura,
422 3782 458 3842 ut
481 3779 513 3842 in
546 3778 590 3842 eis
614 3799 676 3842 non
701 3778 743 3842 sit
767 3776 876 3861 aliqua
904 3777 998 3840 firma
1021 3776 1213 3852 constancia,

64 3894 195 3958 quarum
218 3881 246 3944 si
269 3903 352 3946 unns
373 3883 483 3948 oculus
506 3883 706 3962 lacrimetur,
738 3882 821 3946 ridet
843 3881 926 3946 alius
960 3903 997 3944 ax
1021 3885 1212 3960 transverso,

65 4003 192 4064 quarum
218 3987 419 4052 mutabilitas
443 3995 475 4053 et
496 3989 632 4054 varietas
656 3989 694 4052 ad
718 3987 900 4054 illudendos
919 3987 1005 4051 viros
1021 4006 1147 4071 semper
1162 4007 1213 4049 eas

67 4086 215 4156 inducunt
240 4097 281 4172 et,
304 4093 378 4158 dum
403 4095 531 4160 maioris
547 4095 664 4159 amoris
687 4093 779 4179 signo
802 4093 879 4158 viris
894 4092 1077 4168 ostendunt,
1101 4091 1211 4154 statim

66 4194 230 4262 sollicitate
254 4219 312 4281 per
331 4197 451 4279 alium,
481 4200 598 4265 amoris
631 4199 681 4265 sui
705 4197 991 4265 demonstranciam
1016 4197 1213 4262 instabiliter

66 4305 189 4384 repente
212 4303 339 4368 radant
354 4309 387 4369 et
402 4310 600 4370 commutant
622 4311 664 4383 et,
685 4306 712 4370 si
728 4305 813 4370 forte
829 4302 937 4368 nullus
957 4303 1002 4368 eis
1018 4301 1213 4368 sollicitator

627 4441 644 4480 ιι

126 4527 138 4579 l
161 4521 259 4579 Jacob.
279 4527 305 4588 5,
324 4507 368 4579 lo]
437 4526 454 4578 2
473 4523 630 4579 Alexander
649 4525 683 4580 de
701 4524 773 4607 villa
791 4523 845 4579 dei.
