2990 5068
820 414 863 479 94

806 674 867 744 45.

262 809 476 882 Hartmann
504 809 660 884 schedel
694 835 742 882 an
783 811 980 884 Hermann
1020 810 1186 886 Schedel.
1251 809 1423 906 [Leipzig

717 933 813 1006 1462
843 932 957 1029 oct.]¹

513 1088 577 1143 clm.
595 1086 647 1140 418
666 1089 685 1141 l.
722 1088 783 1143 251.
818 1087 965 1144 Abschrift
983 1090 1162 1144 Hartmauus.

307 1237 642 1322 Wiederlrolung
665 1239 735 1304 der
758 1239 898 1305 bitten
922 1241 991 1304 des
1016 1240 1192 1325 rorigeri
1217 1239 1374 1304 briefs.

347 1377 488 1442 Salutem
512 1377 683 1462 plurimam
707 1378 792 1444 dicit.
841 1376 964 1453 Nescio,
990 1377 1118 1463 egregie
1141 1376 1269 1440 domiue
1292 1376 1419 1452 doctor,

259 1484 383 1548 litteras
417 1505 456 1546 au
490 1482 681 1566 receperitis,
714 1503 792 1566 quas
817 1483 867 1546 15.
896 1483 958 1546 lral.
976 1481 1172 1566 Septembris
1202 1481 1240 1545 sd
1269 1502 1325 1545 vos
1352 1481 1419 1545 veri

259 1589 376 1653 amoris
406 1608 500 1652 causa
531 1587 708 1664 transmisi,
739 1587 815 1670 quis
848 1587 930 1650 nihil
953 1587 1016 1650 iam
1046 1586 1100 1650 diu
1123 1607 1142 1649 a
1164 1585 1254 1649 robis
1277 1585 1417 1668 suscepi,

261 1694 406 1780 quamvis
430 1715 468 1757 ax
487 1694 632 1778 Augusta
655 1691 755 1776 aliqui
779 1693 817 1756 ad
839 1713 896 1756 uos
911 1694 1077 1770 venerunt,
1100 1690 1252 1778 aquibus
1267 1695 1300 1754 et
1321 1711 1345 1754 a
1361 1712 1418 1774 pa·

261 1805 334 1862 truo
357 1796 496 1862 nostro⁹
519 1798 565 1862 nil
590 1799 771 1884 intelligere
793 1799 895 1883 potui.
941 1796 1040 1882 quue
1063 1795 1152 1876 lacit,
1185 1800 1221 1860 ut
1244 1795 1302 1860 has
1325 1795 1418 1860 vobis

262 1925 347 1967 nunc
369 1903 475 1968 scibo
497 1903 632 1968 litteras.
662 1902 743 1968 Nam
768 1907 794 1967 si
812 1904 872 1968 alie
888 1905 920 1968 in
937 1899 1078 1968 vanum⁸
1100 1902 1300 1980 transierint,
1323 1907 1415 1984 pote·

261 2013 337 2073 runt
359 2010 418 2073 iste
445 2009 606 2074 inlocum
630 2012 804 2075 succedere.
858 2008 1008 2075 Naturali
1039 2008 1206 2073 affeccioue
1232 2005 1415 2090 ymagiuor,

259 2114 417 2178 nemiuem
442 2136 580 2199 uuquam
607 2114 771 2179 hominum
793 2114 902 2192 fuisse,
927 2114 981 2197 qui
1006 2113 1124 2178 bouum
1148 2111 1267 2176 habens
1290 2117 1413 2175 statum

258 2218 420 2283 meliorem
444 2219 576 2298 adipisci
594 2220 784 2304 nequiverit,
808 2226 839 2284 et
861 2221 888 2283 si
912 2218 1046 2284 fortasse
1061 2217 1250 2303 perdifficile
1264 2217 1413 2282 rideatur

259 2324 402 2402 nimium,
425 2323 473 2387 uti
489 2321 656 2408 Therencij
681 2326 797 2409 probat
819 2325 996 2389 sentencia:
1040 2322 1168 2388 »Niehil
1191 2327 1256 2386 tam
1281 2323 1413 2387 difficile

260 2435 318 2507 est,
342 2430 419 2513 quin
436 2431 595 2513 querendo
618 2430 803 2515 investigari
821 2431 947 2514 possit«
984 2428 1059 2493 Ideo
1081 2429 1140 2492 etsi
1168 2449 1230 2493 non
1255 2428 1298 2492 sit
1321 2427 1412 2500 mihi,

260 2534 342 2618 quod
367 2534 405 2597 de
428 2540 516 2598 statu
538 2556 608 2599 meo
631 2535 759 2601 fortune
782 2536 949 2618 imputem,
973 2539 1078 2598 tamen
1102 2535 1140 2598 de
1155 2532 1306 2617 ampliori
1328 2553 1410 2597 sem-

258 2660 316 2720 per
338 2659 375 2702 ac
398 2639 536 2723 digniori
569 2646 657 2705 statu
681 2641 897 2716 considerans,
921 2661 1045 2725 nequeo
1068 2661 1130 2704 uon
1155 2639 1336 2704 desiderare
1359 2640 1410 2702 de-

256 2743 371 2808 siderio
404 2765 520 2829 magno
554 2746 666 2824 valde,
696 2745 774 2810 mihi
808 2745 888 2809 illud
912 2746 1057 2823 evenire,
1089 2744 1172 2831 quod
1196 2748 1228 2807 et
1251 2743 1333 2807 milri
1356 2765 1412 2826 per

256 2870 365 2914 omnes
388 2848 488 2914 ferme
520 2850 645 2914 litteras
675 2855 795 2914 vestras
830 2871 1013 2932 persuasum
1045 2850 1150 2914 luerat
1171 2854 1203 2913 et
1227 2849 1268 2913 ab
1292 2849 1409 2933 ungui-

262 2954 343 3019 culis
377 2958 410 3018 et
432 2953 546 3019 abinde
578 2955 732 3039 usquein
765 2955 999 3038 presenciarum
1023 2959 1124 3020 etates
1155 2976 1222 3019 mee
1245 2959 1412 3038 optarunt.

256 3057 376 3124 Verum
400 3059 476 3144 quid
500 3059 532 3125 id
555 3064 613 3136 est,
636 3063 841 3142 preterquam
858 3057 1064 3123 etOvidiauis
1087 3062 1119 3122 et
1140 3056 1334 3141 Virgilianis
1359 3079 1410 3122 ac-

259 3165 344 3230 tibus
367 3166 524 3244 insudare,
547 3164 581 3228 iu
605 3164 720 3247 quibus
743 3163 866 3250 aliquot
880 3169 1005 3248 tempus
1021 3185 1192 3248 parumper
1207 3162 1355 3247 expendi,
1379 3169 1411 3227 et

256 3292 381 3335 necesse
403 3276 461 3349 est,
485 3292 535 3334 me
557 3290 641 3333 nuno
664 3269 704 3334 ab
728 3269 854 3352 incepto
878 3269 1014 3350 desilire,
1037 3292 1111 3335 cum
1128 3270 1185 3334 hec
1206 3290 1259 3332 ars
1283 3270 1409 3353 poetica

256 3398 329 3441 raro
352 3380 442 3440 extra
458 3375 552 3440 Italis
575 3379 682 3458 partes
705 3373 902 3438 domicilium
919 3374 1045 3454 lrabeat,
1068 3379 1138 3439 tum
1155 3375 1231 3459 quia
1252 3374 1344 3438 nulla
1358 3395 1409 3438 ars

255 3481 322 3546 siue
343 3487 528 3565 preceptore
562 3479 695 3544 discitur
719 3486 983 3565 preceptoresque
1016 3480 1131 3565 ydonei
1154 3481 1268 3544 nedum
1294 3479 1406 3544 hucin

255 3592 333 3663 arte,
356 3607 465 3650 rerum
489 3586 597 3671 etqui
621 3586 756 3651 aliarum
778 3587 981 3652 scientiarum
1007 3586 1157 3652 noticiam
1184 3586 1314 3664 habent,
1337 3607 1406 3669 per·

256 3690 319 3754 rari
344 3694 453 3754 nostra
476 3689 591 3774 suntll)
617 3692 649 3784 in
672 3691 898 3770 universitate,
929 3697 964 3756 ut
988 3692 1046 3756 hec
1068 3694 1213 3757 carenoia
1236 3690 1405 3778 negligen-

255 3795 367 3879 ciaque
396 3795 561 3859 doctorum
589 3796 763 3879 legencium
796 3818 846 3860 me
882 3797 921 3860 ab
951 3797 1100 3861 inchoato
1131 3818 1226 3881 opere
1257 3796 1408 3861 desistere

254 3898 430 3984 compellit.
476 3898 697 3979 Quamobrem,
713 3901 843 3985 egregie
859 3903 985 3967 domine
1001 3903 1121 3981 doctor,
1138 3903 1171 3966 in
1188 3923 1287 3966 mauu
1303 3906 1409 3966 vestra

255 4027 305 4069 me
327 4005 471 4088 desiderij
497 4006 558 4070 mei
582 4011 744 4089 potentem
769 4005 892 4070 efficere
921 4013 1018 4092 atque
1053 4006 1131 4072 mihi
1156 4011 1189 4071 et
1211 4007 1258 4072 rei
1278 4011 1312 4072 et
1336 4029 1408 4090 per·

253 4132 328 4176 sone
351 4111 513 4175 consulere
535 4115 638 4176 totum
663 4132 729 4175 esse
751 4111 900 4192 arbitror,
926 4134 1027 4198 neque
1043 4135 1193 4199 umquam
1219 4112 1351 4197 quidem
1374 4113 1405 4176 iu

254 4215 348 4281 aliam
365 4216 516 4299 accipiam
534 4223 668 4300 partem,
692 4237 827 4296 cumea,
851 4239 912 4301 que
935 4223 968 4282 et
990 4218 1141 4282 honorem
1159 4239 1263 4281 meum
1288 4223 1322 4283 et
1344 4217 1407 4282 uti-

325 4411 338 4462 l
359 4407 500 4475 Datiruug
519 4409 590 4462 nach
609 4405 671 4458 dem
692 4405 805 4475 rorigeu
820 4349 883 4461 ilud
901 4425 944 4464 ur.
963 4409 1004 4464 47.
1086 4410 1102 4462 2
1122 4409 1238 4465 Meroua
1313 4410 1330 4464 3
1349 4409 1407 4464 cod.

255 4513 351 4552 unum.
