2990 5068
822 415 883 480 126

273 590 348 675 quid
372 589 502 675 auxilijs
525 588 728 675 consiliisque
750 589 828 656 meis
851 591 999 675 prodesse
1020 591 1081 656 sibi
1109 597 1232 676 potero,
1256 593 1429 678 obligatis·

273 696 388 761 simum
411 718 461 762 me
484 696 625 762 babebit.

362 799 468 867 Unum
493 807 599 867 tamen
622 803 780 868 avisatum
803 805 836 866 te
858 823 925 868 esse
945 802 1029 883 volo,
1057 808 1094 869 ut
1117 807 1239 888 pestem
1265 803 1430 888 ipsumsi

272 928 434 992 umquam,
459 910 495 971 nt
520 906 663 984 timetur,
687 912 765 990 aput
780 928 835 973 vos
850 908 1067 989 invalesceret,
1092 908 1171 974 hant
1194 908 1430 992 floccipendere

271 1010 360 1090 velia,
384 1015 433 1074 set
449 1015 482 1075 te
501 1031 627 1095 semper
641 1012 787 1095 remedijs
799 1015 967 1095 oportunis
987 1020 1020 1079 et
1032 1013 1213 1080 efficacibus
1233 1014 1431 1096 premunire.

271 1113 355 1180 Nam
378 1117 521 1199 quamvis
545 1137 755 1200 sepenumero
778 1119 984 1200 permissione
1005 1117 1114 1184 divina
1136 1119 1203 1198 fiat,
1228 1121 1267 1183 ut
1283 1119 1342 1202 pie
1367 1139 1431 1184 cre-

271 1222 368 1299 ditur,
390 1226 498 1286 tamen
523 1219 624 1286 multa
646 1221 680 1285 in
707 1221 843 1286 arbitrio
867 1222 1007 1288 humano
1030 1229 1064 1288 et
1086 1223 1119 1288 in
1144 1223 1296 1308 remedijs
1322 1223 1431 1288 effica-

271 1325 369 1406 cibus,
392 1326 485 1391 adeo
501 1326 533 1389 in
550 1327 685 1392 salntem
703 1327 866 1393 hominum
883 1329 1009 1409 creetis,
1032 1329 1139 1414 posita
1153 1334 1238 1408 sunt,
1258 1330 1293 1394 in
1315 1329 1430 1414 quibus

270 1431 297 1496 si
320 1453 472 1516 umquam
495 1431 694 1517 negligentes
710 1437 767 1498 aut
787 1434 907 1499 desides
929 1435 1057 1513 crimus,
1080 1434 1118 1499 ad
1137 1434 1352 1518 penalitatcm
1378 1435 1428 1497 de·

270 1536 421 1600 ducemur
443 1536 585 1615 indubie,
617 1541 653 1601 nt
672 1537 742 1603 luce
757 1523 883 1619 clarius,
907 1539 981 1604 dnm
998 1539 1097 1624 pestis
1113 1545 1192 1623 aput
1208 1561 1266 1604 nos
1280 1538 1429 1626 Auguste

272 1641 385 1726 viguit,
409 1642 442 1706 in
464 1642 627 1728 plerisque
653 1641 778 1707 claruit.
825 1641 960 1710 Nullum
989 1650 1095 1710 tamen
1120 1645 1295 1710 remedium
1322 1644 1428 1710 effica-

271 1747 338 1810 cius
359 1746 437 1832 fuga
461 1747 575 1831 reperi.

276 1849 278 1853 ’
360 1851 475 1930 Διιιιὶο,
502 1857 725 1917 conterraneos
742 1857 867 1918 nostros
884 1852 991 1919 Padus
1006 1853 1068 1918 sibi
1084 1853 1219 1920 invicem
1236 1857 1427 1920 contrariari

271 1960 304 2020 et
325 1957 481 2022 comedim
503 1957 589 2022 inter
609 1979 643 2022 se
659 1959 692 2022 in
708 1957 936 2024 detrimentum
958 1959 1084 2038 horum,
1107 1981 1216 2025 eorum
1232 1962 1394 2026 conficere
1408 1961 1426 2024 ¹.

274 2059 384 2126 Laudo
407 2083 535 2126 acumen
577 2063 716 2147 ingenij,
750 2068 799 2128 set
822 2065 1017 2148 emergentia
1046 2066 1194 2130 detestor.
1226 2057 1320 2129 ¹Nou
1344 2067 1425 2130 enim

269 2167 354 2232 idem
375 2187 444 2232 mos
466 2173 544 2252 aput
567 2189 645 2244 nos,
668 2168 763 2233 sicuti
787 2172 867 2252 aput
882 2167 1004 2234 Ytalos.
1051 2167 1143 2248 Scio,
1175 2171 1375 2236 Alemannos
1396 2173 1425 2234 iu

271 2270 381 2337 urnltis
403 2273 554 2338 csseodio
567 2272 689 2352 Ytalis,
714 2273 780 2358 qui,
803 2273 880 2338 dum
902 2273 961 2338 hec
976 2273 1053 2338 oriri
1077 2281 1156 2358 aput
1172 2296 1225 2340 cos
1246 2277 1371 2356 vident,
1394 2299 1425 2342 co

272 2377 374 2463 magis
397 2398 448 2443 eos
472 2378 623 2443 derisioni
648 2378 820 2443 habebunt.
881 2377 917 2443 In
946 2377 1172 2464 Nuremberga
1203 2381 1262 2448 hec
1295 2384 1426 2448 suborta

270 2503 336 2546 esse
358 2483 462 2561 audio,
487 2483 600 2548 hortor
623 2488 661 2547 ut
684 2489 717 2549 te
740 2505 759 2548 a
781 2483 971 2548 commercio
1000 2484 1113 2549 talium
1143 2487 1291 2551 retrahas
1314 2509 1375 2553 nec
1397 2493 1425 2550 te

270 2587 333 2671 hijs
356 2588 487 2670 ingeras
510 2589 616 2667 velim,
643 2589 698 2654 ubi
716 2589 788 2674 plns
803 2590 963 2654 dedecoris
986 2611 1081 2674 quam
1106 2590 1237 2655 honoris
1260 2598 1424 2676 reportare

270 2692 379 2776 possis.
431 2692 542 2758 Solent
569 2693 647 2758 talia
677 2693 831 2758 tenaciter
859 2715 895 2758 ac
925 2695 979 2760 din
1010 2696 1165 2760 memorie
1188 2696 1358 2776 inherere,
1387 2697 1423 2760 ab

269 2799 402 2882 ipsoque
424 2799 597 2864 difficulter
618 2819 762 2863 successu
785 2800 941 2883 temporis
963 2799 1095 2865 aboleri.

742 2976 950 2984 mm...—

814 3116 873 3189 62.

268 3255 446 3329 Heinrich
489 3255 565 3326 Lur
606 3277 655 3326 an
689 3253 845 3328 freunde
883 3279 929 3327 zu
969 3257 1182 3352 Augsburg.
1235 3258 1420 3356 Dillingen

676 3377 772 3452 1465
795 3377 881 3472 juni
917 3375 1005 3453 26¹.

558 3560 623 3616 olm.
642 3559 729 3614 2484?
747 3562 767 3617 f.
786 3561 935 3618 256—261.
973 3563 1125 3619 abachum.

358 3680 497 3766 Klage
519 3683 619 3747 liber
643 3683 719 3749 den
742 3687 814 3750 tod
836 3686 902 3751 des
927 3685 1149 3754 Leonhnrd
1173 3688 1334 3758 Geesel.

358 3793 493 3887 Dilectis
526 3823 731 3904 dolentibus,
763 3826 873 3900 mestis
907 3831 941 3891 et
970 3802 1103 3913 optimis
1132 3832 1334 3897 amatoribus
1354 3832 1416 3897 dire

835 3947 852 3986 ιι

339 4032 351 4086 1
373 4029 423 4085 Dic
441 4029 577 4098 lromodie,
596 4030 649 4084 aul
663 4031 708 4088 die
726 4033 787 4088 hier
806 4033 966 4105 angespielt
984 4034 1030 4100 ist,
1050 4035 1138 4092 findet
1151 4036 1210 4092 einh
1223 4037 1254 4093 in
1273 4039 1331 4096 den
1342 4039 1416 4096 Sche-

269 4117 399 4174 dclachen
418 4117 473 4172 has.
493 4117 627 4182 cwcimal,
650 4118 713 4173 clm.
739 4121 791 4176 369
811 4119 868 4176 und
886 4121 946 4177 650.
982 4123 1028 4178 Sic
1045 4123 1084 4178 ist
1108 4124 1181 4180 nach
1205 4124 1302 4183 diesen
1319 4127 1417 4182 auletat

266 4207 494 4276 herausgegeben
514 4223 539 4261 v.
551 4205 631 4263 Bolte
650 4208 668 4261 i.
679 4207 706 4262 d.
717 4208 848 4264 Ztschrlt.
867 4209 887 4265 f.
906 4211 994 4280 vergi
1008 4211 1263 4284 Littersturgcsoh.
1281 4233 1309 4270 u.
1323 4216 1418 4271 Gnltnr

266 4294 292 4346 d.
313 4291 499 4350 Banaissance
518 4293 552 4348 N.
570 4292 599 4349 F.
611 4295 630 4358 1,
650 4294 764 4350 77-84.
803 4294 884 4351 Scine
903 4299 1073 4369 vermutung
1091 4299 1159 4356 iiber
1177 4301 1223 4358 dic
1241 4304 1415 4372 abfasaunga·

266 4379 322 4436 neit
340 4379 409 4436 wird
428 4380 515 4437 durch
533 4397 631 4438 unacre
662 4381 746 4438 stelle
765 4383 912 4454 namugo.
1019 4386 1035 4440 2
1054 4385 1105 4442 Die
1127 4386 1293 4446 admeatm
1312 4391 1416 4448 werden

266 4469 362 4538 enatet
380 4467 489 4523 einzeln
508 4471 645 4537 genennt.
682 4469 728 4524 Sie
745 4469 816 4534 sind,
838 4471 889 4526 wie
902 4471 947 4526 dia
960 4473 1135 4546 erwdhnnng
1148 4475 1198 4532 das
1212 4477 1414 4536 rerbeiratetan
