2990 5068
802 403 865 470 128

259 580 346 646 tibus
370 580 555 646 minabatur
581 579 700 646 frontis
723 580 894 667 rugositas,
921 581 974 646 scd
989 580 1213 646 blandiebatur
1235 579 1341 648 cordis
1364 603 1413 646 se·

258 687 396 767 tenitas,
428 707 505 772 erge
534 686 613 752 bene
635 690 767 771 agentes
791 686 907 752 Petrus
938 687 1115 772 apparabat
1136 686 1170 751 in
1191 685 1309 768 vultu,
1337 709 1415 772 crga

257 789 478 877 delinquentes
501 789 620 857 Paulus
642 791 676 856 in
698 792 828 876 spiritu,
852 792 923 876 plus
941 798 1049 858 tamen
1066 794 1167 858 amori
1182 813 1280 877 quam
1304 792 1414 857 timori

256 918 277 960 a
298 896 449 962 subiectis
471 900 640 981 appetens,
673 897 926 963 misericordiam
950 897 1072 964 iudicio
1095 917 1295 982 preponens,
1323 902 1358 962 et
1380 902 1416 961 ut

257 1004 360 1070 multa
383 1003 550 1070 verborum
574 1003 736 1087 paucitate
758 1003 969 1082 concludam,
1001 1002 1065 1068 fuit
1086 1004 1121 1067 in
1143 1003 1336 1070 comedendo
1359 1023 1414 1068 nr·

257 1110 379 1188 bunior,
405 1109 603 1174 moderacior
624 1109 658 1173 in
681 1109 828 1190 bibendo,
854 1112 966 1192 potens
982 1109 1021 1174 ed
1037 1109 1248 1194 vigilandum,
1275 1108 1415 1194 diligens

256 1217 295 1282 ad
319 1215 485 1301 quodlibet
507 1214 686 1280 iniunctum
714 1215 941 1299 exequendum.
988 1213 1159 1294 (lumbis,
1195 1214 1251 1301 qui
1278 1215 1415 1280 oderant

257 1344 378 1407 paoem,
401 1324 472 1387 erat
494 1319 644 1404 pacificus
667 1323 700 1384 et
722 1318 852 1385 illorum
869 1318 1055 1384 animalium
1074 1318 1228 1399 imitator,
1252 1340 1316 1404 que
1338 1324 1416 1382 ante

258 1434 290 1494 et
313 1433 400 1493 retro
424 1431 456 1490 et
478 1425 511 1490 in
535 1424 671 1490 circuitu
687 1423 805 1488 hebere
827 1422 937 1490 oculos
952 1422 1156 1509 providentie
1175 1423 1412 1491 describuntur.

257 1533 354 1598 Cuius
376 1536 512 1597 mortem
534 1530 637 1595 clerus
660 1528 755 1610 dolet,
779 1528 973 1594 lamentatur
983 1528 1109 1614 religio,
1133 1529 1235 1614 gemit
1261 1529 1413 1614 populus,

257 1637 415 1724 probitas,
446 1657 521 1722 ymo
544 1633 694 1700 nobilitas
716 1633 884 1713 anxiatur,
907 1640 939 1699 et
962 1655 1025 1700 non
1052 1635 1257 1700 mediocriter
1279 1634 1414 1700 moleste

259 1750 307 1811 est
329 1764 385 1808 suo
409 1740 669 1806 reverendissimo
698 1740 825 1805 domiuo
839 1738 860 1806 ¹.
913 1739 968 1806 Set
990 1741 1094 1826 quid?
1132 1739 1283 1820 Recessit,
1317 1763 1412 1826 quem

257 1871 402 1916 revocure
416 1846 602 1931 nequimus.
615 1895 622 1908 .
634 1894 641 1908 .
652 1842 689 1932 [f.
699 1842 790 1932 257³]
803 1896 809 1909 .
823 1895 847 1911 ..
865 1845 906 1911 Et
921 1849 958 1910 ut
969 1844 1108 1911 habilior
1122 1845 1214 1912 fieret
1228 1847 1268 1912 ad
1280 1845 1415 1912 celestes

257 1955 391 2032 volatus,
413 1951 472 2016 sub
487 1972 582 2015 onere
596 1950 758 2034 prelature
778 1951 889 2017 erebro
904 1953 1066 2036 suspirans
1089 1955 1122 2018 et
1137 1973 1276 2037 gemeus,
1304 1953 1413 2036 digni·

258 2067 356 2126 tatem
379 2057 528 2124 celestem
559 2057 634 2142 plus
657 2079 752 2142 quem
777 2062 960 2122 terrestrem
983 2057 1135 2137 ambiens,
1160 2059 1194 2122 in
1216 2058 1413 2124 monasterio

259 2165 416 2251 regularis
443 2163 506 2228 vite
531 2164 649 2247 absque
673 2167 780 2227 tamen
803 2163 880 2247 iugo
903 2162 1114 2247 professionis
1135 2163 1272 2228 firmiter
1294 2183 1414 2247 propo-

259 2273 323 2337 suit
346 2270 473 2337 domino
496 2268 647 2334 famulari
680 2272 713 2332 et
736 2267 816 2331 inibi
844 2269 956 2332 mortis
985 2268 1142 2334 tributum
1172 2268 1304 2334 solvere.
1349 2267 1413 2344 Qui

259 2380 330 2458 soit,
354 2376 574 2442 testimonium
603 2374 727 2452 reddit,
758 2380 790 2438 et
811 2373 894 2453 scio,
918 2374 1001 2459 quod
1027 2375 1095 2439 eius
1117 2374 1337 2438 testimouium
1365 2381 1415 2438 est

257 2504 377 2560 verum,
400 2481 477 2565 quia
501 2501 555 2562 per
577 2479 698 2543 anseris
721 2478 877 2542 calamum
901 2477 1003 2544 fateor
1030 2500 1080 2542 me
1107 2479 1214 2562 sepius
1237 2501 1333 2563 super
1361 2501 1412 2545 so·

256 2587 366 2652 literia
381 2586 447 2651 rita
463 2575 672 2650 stimulatum.
707 2582 766 2648 Sed
784 2583 855 2663 heu,
871 2605 930 2648 vox
949 2584 1096 2649 corvine:
1124 2605 1221 2664 acras,
1236 2606 1337 2662 eras«,
1355 2585 1414 2650 deo

258 2698 290 2756 et
314 2691 495 2756 hominibus
517 2687 664 2769 odibilis,
697 2689 799 2772 ipsum
823 2694 1038 2771 protectorem
1062 2693 1208 2756 nostrum
1232 2691 1358 2774 decepit
1381 2697 1415 2754 et

259 2803 427 2882 propterea
449 2798 553 2860 tactus
575 2794 665 2880 gravi
698 2795 879 2879 egritudine
909 2795 948 2860 de
972 2795 1136 2878 premissis
1168 2800 1200 2860 et
1231 2801 1415 2879 temporum

258 2901 469 2980 ammissione,
493 2898 648 2964 malorum
671 2899 891 2963 commissione
906 2905 939 2964 et
964 2899 1118 2964 bonorum
1134 2899 1336 2966 ommissione
1362 2901 1414 2964 iu·

258 3008 381 3092 gemuit
412 3011 444 3070 et
477 3004 575 3069 talem
598 3003 809 3086 penitentiam
834 3007 978 3089 peregit,
1009 3026 1069 3089 qne
1101 3005 1337 3087 proculdubio
1362 3006 1414 3070 dei

257 3113 365 3180 oculos
388 3112 426 3176 ad
450 3133 482 3176 se
506 3109 606 3174 traxit
636 3114 668 3173 et
692 3107 851 3173 furentem
873 3109 1086 3189 senteutiam,
1112 3109 1263 3174 confessis
1286 3110 1414 3175 creber·

258 3221 336 3284 rime
358 3217 496 3303 peccetis
531 3215 616 3294 suis,
650 3215 787 3279 mutavit
808 3213 903 3299 ...[f.
921 3211 1067 3301 258]...
1085 3213 1214 3298 Septem
1246 3213 1297 3280 vel
1321 3217 1412 3298 qnasi

260 3325 347 3389 horis
370 3329 445 3388 ente
469 3325 602 3386 mortem
627 3319 824 3404 preoeptoris
846 3319 954 3398 didici,
978 3321 1054 3404 qnia
1071 3320 1171 3385 eciam
1188 3319 1285 3385 miclri
1310 3321 1415 3385 fidelis

258 3432 417 3512 interpres
440 3427 548 3508 animi,
572 3427 694 3504 facies,
717 3425 777 3490 hoc
800 3427 1007 3506 nunoeiabat,
1031 3426 1114 3511 quod
1137 3425 1219 3491 idem
1242 3431 1414 3509 preceptor

258 3539 367 3598 noster
390 3531 544 3598 desiderio
576 3530 790 3608 desiderabat,
823 3529 1004 3594 carnalibus
1037 3530 1139 3595 oculis
1167 3551 1296 3596 cernere
1318 3551 1413 3595 sunm

258 3638 422 3705 dominum
447 3636 743 3702 reverendissimum
760 3636 781 3712 ²,
806 3657 868 3720 quo
891 3634 1058 3700 intellecto
1074 3636 1153 3700 olam
1171 3641 1204 3701 et
1227 3635 1319 3721 quasi
1341 3635 1413 3700 fur-

259 3745 333 3810 tivis
367 3742 527 3828 gressibus
561 3742 647 3807 adire
685 3741 817 3806 cundem
856 3740 1150 3807 reverendissimum
1183 3762 1247 3807 uon
1286 3741 1412 3820 erubui,

259 3851 357 3915 eidem
381 3849 441 3914 hoc
464 3847 685 3932 significando,
708 3847 764 3932 qui
789 3848 890 3912 multo
914 3853 1056 3930 tempore
1072 3847 1172 3912 eniam
1197 3847 1349 3930 cupiebat
1371 3847 1409 3910 ad

259 3956 419 4020 infirmum
443 3974 569 4038 gressus
591 3952 738 4037 dirigere.
787 3951 846 4016 Sed
870 3953 1015 4035 corporis
1040 3973 1077 4016 ao
1101 3951 1216 4034 pedum
1240 3951 1412 4016 infirmitas

257 4060 452 4144 aliquamdiu
488 4059 653 4143 prestabat
687 4058 957 4141 impedimentum.
1030 4055 1109 4138 lpsis
1139 4057 1411 4136 convenientibus,

259 4165 333 4249 quid
358 4165 495 4230 accidit?
534 4163 656 4228 Dileote
679 4161 812 4243 Thomu,
830 4163 905 4246 quia
929 4168 965 4225 tu
988 4184 1050 4226 nou
1076 4183 1145 4225 eras
1169 4182 1299 4244 presens
1322 4162 1411 4226 iuxta

259 4269 338 4334 illud
362 4268 519 4334 Johennis
543 4267 695 4352 apostoli:
740 4265 896 4332 »Thomas
918 4286 980 4331 non
1005 4270 1075 4331 erat
1097 4287 1169 4332 curn
1193 4266 1259 4344 eir,
1284 4269 1411 4352 quaudo

331 4497 342 4551 l
364 4493 476 4550 Bischol
493 4493 575 4548 Peter
595 4512 620 4551 v.
640 4420 842 4563 Sohaumburgl
