3002 5062
267 407 331 473 864
582 405 1104 477 Anhangverwendtererzthlungen.

267 583 370 648 redire
392 583 537 667 domum;
563 583 640 648 dicit
656 603 732 668 ergo
755 582 999 650 Monccerebro:
1023 585 1174 662 ‘Rustice
1199 607 1277 670 cepe
1301 587 1425 650 corium

268 696 300 754 et
322 690 432 754 aceede
457 690 653 770 Mittelleclr‚
688 691 731 754 ibi
757 713 873 775 quaere
905 712 964 774 pro
992 691 1145 770 coriario,
1180 697 1212 757 et
1235 691 1426 756 ostendetur

268 794 328 858 tibi
351 795 461 859 domus
494 818 564 860 mec
596 798 688 878 (dens
719 798 767 861 illi
799 798 893 882 signe
924 798 1070 863 veritatis
1105 799 1313 868 testimoniet
1361 797 1425 862 Ex·

267 906 375 983 specte
398 922 447 963 me
470 900 602 966 ibidem!
644 903 748 966 Adero
764 925 859 987 quern
875 903 1014 986 primurn
1030 908 1062 967 et
1077 903 1197 968 solvam
1221 903 1304 969 cibi?
1343 903 1425 967 Abit

241 1004 547 1082 elllonocerebrum‚
583 1009 701 1092 reperit
723 1009 848 1084 omniu,
882 1013 918 1073 ut
941 1009 1066 1073 dixerut
1089 1009 1252 1074 coriarius.
1299 1007 1424 1073 Habuit

268 1115 372 1176 eutem
397 1112 549 1176 coriarius
573 1115 750 1198 elegantem
775 1135 904 1178 uxorem
929 1135 966 1178 ec
989 1115 1144 1192 iuvenem,
1167 1135 1250 1199 quoe
1272 1114 1421 1178 fortassis

268 1215 451 1298 petiebatur
472 1217 627 1283 defectum
652 1219 851 1284 oeconomice
875 1226 1056 1285 nocturnae.
1103 1218 1190 1296 Quae
1223 1220 1335 1284 videns
1366 1241 1421 1284 ro·

267 1321 381 1386 sticum
400 1323 543 1387 iuvenem
562 1330 718 1409 vegetum,
742 1325 849 1389 videns
866 1345 992 1410 qnoque
1007 1345 1040 1388 se
1058 1325 1156 1388 solnm
1173 1345 1245 1390 cnm
1262 1347 1298 1390 ec
1314 1325 1423 1407 coepit

268 1431 393 1491 tentore
423 1449 493 1492 euni
527 1452 562 1492 ec
592 1431 766 1496 sollicitere
800 1431 838 1494 ed
869 1430 1093 1513 praestandum
1126 1431 1291 1496 servitium
1323 1431 1356 1494 in
1392 1453 1425 1493 re

231 1551 255 1588 ιο
268 1531 439 1616 plausibili.
491 1535 613 1599 Annuit
637 1557 673 1600 ac
688 1536 823 1619 perficit.
871 1534 1004 1600 Percote
1026 1540 1131 1599 eutem
1150 1557 1183 1599 re
1207 1535 1309 1600 dixit:
1330 1533 1422 1599 ‘Cum

269 1637 391 1701 venerit
415 1639 558 1718 meritus,
582 1640 729 1706 indicabo
754 1639 801 1704 illi
828 1641 992 1706 levitatem
1015 1643 1102 1704 tuem
1120 1647 1153 1704 et
1175 1640 1259 1725 quod
1283 1645 1350 1704 tem
1376 1640 1423 1704 le·

269 1743 351 1807 viter
374 1749 405 1810 te
428 1745 615 1828 prostituis.'
666 1747 720 1810 Ait
742 1745 816 1812 illa:
840 1745 900 1812 ‘Ne
917 1745 1029 1812 leceris
1045 1746 1123 1811 boc!
1148 1745 1317 1811 Honesteti
1335 1745 1422 1810 enim

270 1871 355 1913 rnece
378 1851 545 1933 derogabis
560 1852 735 1934 plurimum
760 1859 792 1916 et
809 1852 1018 1936 ignominium
1037 1850 1153 1915 inferes
1176 1851 1296 1915 amicis.
1332 1849 1424 1915 Dabo

268 1960 375 2020 nutem
400 1955 458 2018 tibi
482 1961 606 2020 centum
631 1957 767 2022 florenos
791 1962 823 2021 et
848 1958 983 2022 liberum
1009 1957 1156 2034 reditum,
1179 1977 1251 2020 cunr
1279 1955 1423 2020 libuerit

232 2061 353 2143 ¹⁶Ccpe
385 2081 510 2145 quoque
542 2065 662 2127 corium
698 2085 755 2147 pro
787 2063 956 2128 entilenel'
1002 2063 1131 2146 Accipit
1164 2061 1424 2126 Monocerebrum

268 2167 435 2250 pecuniam
459 2173 490 2230 et
513 2175 674 2252 exspectet
698 2169 869 2234 adventum
892 2168 1036 2248 coriarii,
1071 2168 1127 2253 qui
1149 2171 1299 2231 numeret
1321 2167 1349 2229 ei
1375 2167 1423 2229 vi·

269 2271 352 2354 giuti
377 2273 518 2357 quinque
539 2274 732 2350 victoriatos,
758 2278 790 2338 et
813 2273 956 2338 discedit.

356 2375 493 2442 Veniens
516 2379 642 2442 domum
660 2377 922 2444 Monocerebrum
946 2379 1051 2463 inquit
1066 2377 1191 2442 vicinis:
1215 2373 1422 2464 ‘E[l98]gre-

269 2483 353 2568 giem
378 2483 517 2547 nonestis
540 2505 666 2566 operum
692 2487 724 2546 et
747 2483 826 2548 bene
842 2505 892 2547 me
914 2481 1083 2566 decepistis
1097 2481 1269 2546 occidendo
1292 2502 1420 2545 succum

229 2611 255 2648 so
270 2611 381 2654 mecm.
430 2589 477 2652 En
501 2610 539 2652 ex
562 2611 598 2652 ee
620 2588 741 2654 confeci
764 2595 891 2653 centum
908 2586 1061 2652 florenos.¹
1099 2585 1265 2670 Simulque
1280 2585 1422 2650 ostendit

269 2695 334 2760 illis
358 2693 533 2777 pecuniam.
582 2693 668 2769 Quae
693 2715 741 2757 res
766 2713 881 2777 magno
904 2692 1011 2758 effecit
1034 2713 1086 2756 eos
1111 2711 1270 2768 maerore,
1305 2697 1337 2754 et
1367 2691 1422 2755 ed·

269 2799 416 2863 hibentes
440 2799 531 2862 fidem
557 2797 651 2863 dictis
674 2797 740 2861 suis
755 2797 963 2861 contulerunt
984 2815 1017 2860 se
1039 2795 1166 2861 domum
1190 2803 1222 2860 et
1237 2795 1422 2862 occiderunt

269 2927 377 2971 omnes
401 2924 509 2969 raeces
532 2924 613 2980 sues,
639 2903 841 2967 excorierunt
857 2907 889 2965 ct
904 2899 1075 2966 conferunt
1096 2923 1130 2966 se
1146 2901 1325 2985 Augustum
1351 2922 1420 2964 cnrn

270 3011 372 3076 coriis.
419 3008 505 3085 Quos
528 3029 600 3073 oum
623 3007 749 3072 coriarii
767 3007 947 3085 tuerentur,
971 3006 1095 3069 fuciunt
1110 3007 1245 3090 quisque
1263 3027 1321 3070 sue
1336 3007 1422 3070 corin

233 3123 398 3183 eoeneum
422 3115 560 3180 florenis.
607 3114 725 3178 Dicunt
757 3111 884 3178 coriarii
914 3111 952 3175 cd
987 3133 1082 3174 unum
1106 3131 1228 3176 omnes:
1263 3115 1341 3175 ‘Aut
1374 3112 1423 3174 in·

270 3224 400 3288 seniunt
424 3220 533 3286 rustici
551 3225 606 3284 eut
630 3225 746 3304 putent
769 3239 825 3282 nos
842 3216 999 3296 insanire,
1022 3215 1192 3281 offerentes
1215 3237 1275 3300 pro
1295 3239 1423 3302 quoquo

270 3329 356 3394 corio
386 3326 500 3409 viginti
530 3326 723 3390 victoriatos.
773 3325 820 3387 nd
852 3323 934 3407 quod
972 3323 1135 3404 ringentes
1168 3322 1280 3386 rustici
1312 3327 1344 3385 et
1375 3323 1423 3385 in·

271 3433 394 3518 dignati
419 3432 568 3496 volebant
592 3431 768 3514 exstirpare
793 3429 1062 3506 Monocerebrum‚
1088 3428 1171 3511 quod
1195 3427 1309 3492 fuisset
1331 3449 1422 3492 cuum

270 3538 420 3624 perdendi
446 3559 563 3602 recres.

233 3663 258 3702 so
359 3643 483 3708 Habuit
498 3648 601 3707 eutem
619 3642 702 3707 domi
720 3663 794 3705 suae
810 3645 943 3704 mutreio
962 3639 1112 3704 vetulum.
1137 3636 1301 3702 Irruentes
1317 3643 1419 3703 eutem

272 3750 381 3814 rustici
407 3749 439 3812 in
464 3749 589 3812 domum
616 3748 682 3811 eins
708 3745 859 3811 volebant
882 3745 1025 3809 occidere
1042 3767 1124 3824 eum,
1148 3743 1200 3807 sed
1224 3763 1299 3807 cusu
1314 3743 1421 3807 uberet

272 3855 352 3937 ipse3
386 3854 569 3918 occiderunt
600 3859 705 3917 autern
737 3858 872 3916 matrem
904 3852 971 3914 eius
1006 3855 1038 3915 et
1060 3850 1219 3915 abierunt.
1269 3849 1421 3913 Reversus

271 3965 375 4024 cutem
401 3965 433 4022 et
450 3959 609 4042 reperiens
626 3962 761 4024 matrem
785 3979 871 4021 sueni
891 3957 1045 4020 iacentem
1069 3956 1116 4019 itc
1131 3959 1289 4020 mortusrn
1305 3955 1421 4019 sciebet

273 4065 359 4138 bene,
385 4065 455 4148 quis
479 4065 614 4128 fecisset.
660 4061 755 4147 Cepit
778 4085 846 4127 eum
870 4062 1026 4126 attonitus
1049 4067 1082 4125 et
1116 4063 1266 4144 exportet
1288 4060 1422 4142 longer

232 4189 258 4229 ss
273 4191 356 4254 pugo
376 4170 534 4235 reclinans
558 4193 626 4234 eam
649 4171 687 4234 ed
712 4169 871 4234 fruticem.
919 4166 1065 4251 Contigit
1087 4166 1162 4231 illac
1178 4165 1316 4229 transire
1335 4167 1419 4228 suri·

272 4297 344 4362 garn
368 4276 535 4340 vehentem
568 4277 674 4340 vinum
700 4281 837 4360 quotuor
869 4273 967 4359 equis.
1017 4271 1135 4337 Vidcns
1157 4271 1217 4338 hoc
1241 4270 1418 4337 Monocere·
1493 4291 1494 4318 ¹

840 4431 853 4460 ἢ

342 4500 528 4554 2tlitellech.
636 4503 652 4556 8
671 4502 769 4556 solum.
872 4502 906 4556 2⁴
928 4500 1054 4556 licentur.
