3062 5068
654 421 715 487 189

94 595 272 661 vobiscum
294 597 486 663 constitutus
515 596 629 678 luerit,
660 599 720 664 sibi
748 601 786 665 de
809 599 868 665 hac
896 623 930 666 re
952 605 985 665 et
1007 602 1136 687 quido)
1158 602 1262 668 facere

95 699 243 784 posthac
268 701 392 779 debeat,
415 704 503 768 omni
522 723 592 768 cum
610 703 779 788 diligencia
809 704 897 790 loqui
928 706 1016 772 nullo
1046 711 1139 790 pacto
1168 708 1264 772 omit-

94 811 176 870 tere
198 806 308 872 velitis
331 807 453 873 hortor.
499 806 615 873 Itidem
639 814 754 893 elego
777 808 902 874 faciam.

661 1133 722 1208 87.

103 1271 303 1344 Hermann
332 1271 483 1345 Schedel
511 1297 560 1346 an
592 1273 699 1347 einen
730 1273 1008 1348 unbekanuten.
1050 1275 1265 1372 [Ndrnberg

593 1396 690 1472 1470
704 1397 733 1494 l]
749 1411 773 1470 ¹.

478 1551 541 1606 clm.
559 1553 610 1606 441
630 1552 649 1605 l.
669 1553 729 1607 225.
767 1551 896 1623 concept.

106 1673 243 1739 Bitte
272 1696 334 1738 um
358 1675 614 1762 besorgung
644 1698 723 1742 von
755 1678 1040 1763 gedruclrten
1064 1679 1263 1746 bdohern

584 1800 656 1845 ans
679 1780 792 1846 Rom.

197 1917 341 1985 Salutem
375 1919 547 2004 plurimam
579 1921 668 1986 dicit.
714 1920 894 1986 Retroactis
917 1921 1045 2000 diebus,
1079 1923 1128 1987 vir
1152 1922 1263 1988 buma-

106 2027 252 2106 nissime,
270 2025 407 2091 Michael
423 2023 447 2105 ¹,
470 2026 499 2091 d.
517 2050 545 2091 v.
568 2027 846 2112 consanguinitate
862 2028 1050 2093 coniunctus
1065 2031 1170 2092 vestra
1185 2025 1263 2091 mihi

105 2131 251 2198 ostendit
273 2131 410 2216 scripta,
446 2131 679 2197 humanitatem
702 2154 738 2197 ac
764 2133 1011 2198 benivolenciam
1036 2155 1112 2219 erga
1134 2155 1185 2198 me
1207 2153 1264 2216 pre

104 2261 141 2304 se
163 2237 305 2304 ferentia
326 2244 359 2304 et
391 2257 453 2324 que
476 2255 540 2301 non
563 2258 676 2321 parum
707 2238 850 2303 animum
874 2260 978 2304 meum
1000 2239 1169 2304 iocundum
1192 2237 1263 2302 red·

105 2345 271 2422 dideruut,
295 2343 369 2408 dum
395 2365 432 2409 ea
445 2342 470 2424 ⁸,
494 2365 556 2428 qne
577 2343 689 2427 paucis
712 2344 744 2407 in
762 2344 877 2410 itinere
892 2343 976 2410 circa
992 2343 1162 2410 Werdeam
1179 2365 1263 2410 oom-

107 2450 273 2529 miseram‚
300 2447 415 2514 nedum
442 2449 548 2514 animo
573 2470 680 2513 verum
705 2453 738 2513 et
751 2448 964 2515 effectualiter
978 2470 1103 2515 omnem
1120 2449 1152 2512 in
1176 2468 1264 2512 aare

105 2575 240 2642 operam
274 2552 456 2618 adhibuisse
478 2553 640 2618 senserim.
689 2554 809 2619 Aridus
842 2554 927 2618 enim
950 2555 1040 2620 valde
1064 2553 1261 2639 quorundam

104 2683 179 2726 snm
203 2659 377 2738 librorum,
408 2681 470 2744 que
494 2657 593 2724 Rome
616 2658 864 2744 imprimuntur,
888 2681 1025 2744 quorum
1049 2659 1173 2745 copiam
1196 2659 1264 2744 sig·

106 2771 218 2832 natam
242 2764 442 2849 presentibus
464 2763 620 2830 inclusam
642 2763 853 2847 conspicietis.
900 2762 1022 2839 Quibus
1038 2785 1096 2848 pro
1113 2786 1163 2829 me
1177 2784 1263 2828 com-

106 2870 262 2956 parandis
284 2868 489 2954 diligenciam
511 2867 663 2953 optimam
687 2867 865 2932 adhibeatis
887 2889 965 2948 oro,
990 2890 1068 2952 quos
1090 2867 1207 2956 ligatos
1231 2875 1263 2934 et

107 2975 302 3056 rubricatos,
325 2977 352 3041 si
368 2975 448 3060 phas
462 2974 557 3054 foret,
580 2974 696 3039 habere
721 2995 880 3058 cuperem.
914 2973 1084 3039 Pecuniam
1107 2995 1183 3039 vero
1206 2995 1264 3058 pro

107 3083 188 3168 ipsis
203 3081 422 3166 expagandam
438 3082 564 3146 cuidam
579 3080 719 3146 commisi
736 3081 903 3146 mercatori
915 3079 945 3146 N
949 3080 1135 3164 uremberge
1148 3079 1161 3114 ⁴
1184 3079 1264 3144 mihi

107 3185 378 3275 singularissimo,
395 3185 580 3252 Hieronimo
597 3185 714 3262 Prann,
732 3186 787 3270 qui
802 3185 896 3250 fratri
912 3207 969 3250 suo
980 3183 1131 3271 Jo[anni]
1148 3184 1262 3263 praue,

109 3314 196 3359 nuuc
212 3291 377 3358 Florencie
411 3291 583 3370 existenti,
615 3290 727 3355 scribit
750 3295 806 3355 aut
830 3291 861 3354 in
887 3289 954 3356 eius
976 3290 1123 3355 absencia
1145 3289 1264 3355 famulo

108 3419 166 3463 suo
190 3401 248 3462 aut
271 3395 383 3460 saltem
406 3395 551 3461 societati
574 3417 640 3471 sue,
663 3416 725 3478 qne
748 3416 809 3458 non
834 3395 939 3460 minus
956 3393 1054 3461 Rome
1075 3418 1171 3480 quam
1190 3393 1263 3458 Flo-

110 3503 217 3568 rentie
237 3502 271 3565 in
293 3500 359 3565 snis
381 3499 512 3584 agendis
535 3506 696 3580 versatur,
721 3504 758 3562 ut
781 3499 813 3563 in
837 3501 1076 3583 presentaoione
1099 3499 1264 3564 literarum

110 3608 278 3684 relacione,
308 3611 344 3670 ut
358 3626 461 3691 spero,
476 3605 678 3690 intelligetis.
708 3603 745 3669 In
762 3604 839 3688 ipsis
854 3625 931 3691 ergo
946 3606 1165 3689 comparandis
1180 3627 1263 3671 com-

679 3709 697 3746 ὴ

181 3802 194 3854 l
216 3797 358 3867 Detimng
376 3796 447 3852 uach
466 3795 515 3852 der
533 3793 658 3865 stellnng
675 3795 714 3849 im
733 3794 818 3852 codex
837 3813 900 3850 aum
918 3795 1041 3867 rorigeu
1143 3797 1262 3865 2scrip-

109 3889 203 3944 tnrum
215 3885 385 3942 cancellarie
395 3883 650 3953 dbergeschrieben.
687 3881 933 3938 Wahrscheinlich
955 3883 1004 3939 der
1016 3882 1132 3938 Michsel
1149 3881 1265 3936 Kramer

109 3991 160 4030 aas
179 3971 426 4044 Kleinlaagheim.
456 3971 561 4028 baccal.
580 3974 649 4036 art,
677 3970 726 4026 der
751 3972 781 4026 in
805 3970 900 4026 diesen
924 3971 1026 4040 jahren
1051 3968 1193 4026 mehrfaoh
1221 3970 1264 4024 als

109 4060 312 4118 ratsechreiber
339 4059 505 4120 vorkommt.
524 4075 545 4114 s.
564 4057 836 4115 Sttdtechroniken
854 4058 892 4113 XI
916 4058 1041 4128 register.
1078 4057 1140 4128 [Die
1165 4056 1264 4112 beiden

111 4149 171 4207 bier
194 4151 359 4218 gemunten
380 4147 496 4204 Kramer
518 4143 582 4202 sind
605 4146 744 4202 identisch
769 4163 791 4200 s.
817 4145 862 4201 die
890 4145 1050 4202 dedication
1071 4144 1218 4199 Wilhelms
1238 4161 1263 4196 s.

110 4233 267 4293 mosen
292 4254 342 4292 vor
369 4235 460 4291 seiner
484 4233 708 4304 verdeutschung
735 4251 789 4291 ron
810 4235 884 4290 Ense
903 4232 1004 4290 Silvios
1023 4232 1063 4286 De
1088 4230 1201 4286 miseria
1219 4247 1264 4285 cn·

111 4323 225 4380 rialium
242 4323 310 4380 me
323 4319 490 4394 [Emungere.
506 4322 617 4380 conrad
629 4321 740 4394 Fynerl.
793 4323 810 4378 3
837 4320 1040 4393 Ursprdnglich
1060 4337 1108 4376 vos
1126 4335 1169 4384 ea,
1187 4319 1264 4373 dann

112 4429 159 4470 ros
171 4411 391 4476 durobrtriohen,
402 4409 534 4466 wthrend
545 4409 649 4481 richtig
660 4427 694 4465 ea
705 4409 786 4464 hatte
798 4408 1011 4464 durchstrichen
1023 4407 1133 4462 werden
1145 4411 1264 4464 mussan.

109 4501 199 4556 tum
219 4499 313 4556 rande.
