2990 5068
636 395 697 459 167

75 571 227 638 tissime.
275 570 417 638 Remitto
440 569 586 636 libellum
611 569 689 634 mihi
713 591 771 654 per
793 589 933 634 sororem
950 590 1050 634 meum
1076 572 1149 634 ete
1172 568 1249 634 mis-

73 699 174 757 sum,
199 677 324 764 greciae
344 678 504 764 ingentes,
519 697 598 761 ques
611 674 710 756 velen,
735 673 848 740 refero.
884 673 1113 739 Perlustrendo
1129 673 1162 738 in
1178 673 1249 758 ipso

74 781 224 868 singnis
246 781 379 867 perlegi,
403 804 465 868 que
488 782 521 846 iu
544 803 579 847 se
594 787 744 848 ornatum
765 781 935 846 verborum
951 779 1248 866 sentenciemmque

77 887 288 972 gravitatem
310 887 427 952 mirum
450 887 484 953 in
500 887 627 953 modum
642 887 764 953 hebere
779 887 939 951 videntur.
986 883 1083 950 Mitto
1099 906 1170 950 cum
1188 885 1249 952 hoc

76 1014 188 1058 nnem
228 997 352 1076 purtem
384 994 592 1078 epistolarum
624 991 820 1071 Hieronimi,
853 1012 932 1075 ques
965 1011 1038 1056 cum
1071 988 1248 1075 perlegeris

78 1105 148 1164 eut
171 1097 305 1163 rescribi
327 1098 460 1176 feceris,
488 1097 652 1164 remittere
674 1117 775 1164 cures.
822 1095 883 1161 Pre
909 1096 1024 1162 ceteris
1043 1095 1076 1160 in
1099 1095 1178 1180 ipsis
1201 1094 1247 1160 le-

78 1225 167 1287 gere
191 1202 333 1268 delector
354 1207 387 1268 et
409 1202 687 1288 frequentissimus
710 1202 790 1268 mihi
807 1224 915 1268 cerum
938 1207 986 1268 eet
1010 1223 1095 1281 usus,
1118 1222 1245 1286 preser-

78 1309 150 1373 tim
188 1312 321 1392 propter
354 1308 534 1373 doctrinam
565 1310 707 1388 stoicem,
732 1331 828 1393 quem
858 1309 892 1374 in
926 1329 959 1374 se
989 1306 1119 1374 hebent.
1165 1305 1248 1372 Sunt

79 1414 178 1478 enim
201 1417 282 1496 epnt
305 1433 356 1476 me
379 1413 440 1478 due
455 1417 564 1496 portes
579 1412 788 1498 epistolarum
805 1412 997 1492 Hieronimi,
1021 1433 1157 1498 querum
1170 1433 1247 1478 usuc

79 1541 102 1582 e
129 1518 271 1603 quodem
300 1517 381 1582 mihi
410 1518 668 1602 singularieimo
694 1519 795 1584 emico
828 1523 860 1584 et
892 1516 1044 1584 fautore¹
1075 1518 1114 1584 ed
1145 1519 1245 1584 vitem

80 1647 258 1691 conoeeeus
282 1629 340 1704 est,
363 1629 482 1691 etcum
507 1626 603 1692 istem
627 1626 797 1704 remiseris,
821 1623 919 1690 eiinm
940 1622 1094 1690 contiuuo
1108 1623 1246 1690 mittem.

182 1729 206 1794 F
208 1730 338 1796 scissem
372 1731 464 1796 iuxte
492 1735 606 1816 optete
638 1733 721 1817 ipses
745 1732 805 1797 tibi
829 1731 978 1811 rescribi,
1006 1733 1115 1796 estut
1138 1730 1247 1814 peucis

83 1857 141 1901 me
164 1834 339 1915 absolvam,
360 1836 555 1920 scriptorum
578 1838 714 1923 penurie
734 1837 917 1904 omnimodo
940 1836 993 1902 hic
1017 1841 1088 1916 eet,
1111 1836 1167 1922 qui
1190 1857 1247 1902 nec

82 1941 202 2005 literne
226 1941 427 2023 germanicus
450 1942 530 2008 bene
553 1965 683 2009 exerere
706 1947 836 2024 norunt,
859 1965 969 2009 omnes
985 1941 1124 2027 leecirijs
1145 1942 1245 2008 dediti

82 2047 167 2110 eunt
181 2043 206 2110 ¹.
251 2043 392 2112 Teutum
418 2046 541 2114 efficior
563 2048 602 2114 ed
625 2070 722 2134 opere
744 2047 829 2133 Tulij
861 2048 940 2114 mihi
963 2047 1068 2128 misse,
1092 2051 1129 2114 ut
1152 2069 1246 2135 quem

83 2149 243 2228 hebeem,
276 2149 518 2236 qualiscumque
541 2151 640 2218 inerit
663 2152 767 2233 litere,
790 2156 958 2219 contentus
981 2173 1055 2233 ero,
1083 2155 1115 2218 et
1138 2158 1245 2218 temen

83 2253 142 2318 vix
178 2255 353 2338 scriptores
383 2254 501 2320 hebere
532 2275 669 2340 possum.
726 2256 923 2324 Pecienciem
956 2259 989 2322 in
1020 2256 1177 2323 mittendo
1211 2279 1247 2322 ee

84 2359 210 2424 hebees
243 2380 320 2439 oro,
352 2359 473 2444 ligetor
508 2361 666 2428 librorum
697 2385 785 2428 meus
817 2364 929 2430 ebeene
961 2366 1009 2429 est
1039 2365 1148 2428 strix
1171 2367 1246 2428 ente

84 2465 209 2544 rescc’,
232 2466 280 2532 uti
304 2467 441 2552 percepi,
464 2473 654 2534 revertetur.
709 2467 818 2555 Ligeri
849 2469 965 2534 faciem
987 2469 1074 2534 omni
1098 2489 1170 2534 cum
1193 2488 1245 2532 or·

83 2577 180 2636 netu.
228 2569 354 2638 Hebeet
373 2578 406 2639 st
429 2575 623 2659 pacienciem
650 2579 755 2641 tecum
777 2575 845 2660 ipse
868 2575 1048 2661 begherdue
1061 2575 1095 2656 ⁴,
1129 2574 1185 2659 qui
1209 2596 1246 2640 ee

83 2675 207 2742 hebere
230 2678 355 2762 cupiit

565 2825 773 2834 m...

638 2937 698 3010 73.

84 3085 284 3160 Hermann
331 3085 486 3164 Schedel
533 3113 583 3164 en
619 3087 811 3186 [Valentin
859 3087 966 3162 Eber.
1031 3087 1244 3186 Numborg]

500 3213 596 3286 1467
626 3212 699 3306 juli
734 3212 821 3286 13⁸.

456 3369 521 3424 clm.
540 3369 590 3423 22⁴
610 3367 630 3423 f.
649 3369 709 3422 291.
747 3366 879 3438 (ioncept.

334 3490 1020 3578 Schilderungdeereichetegee.

172 3629 316 3698 Salutem
333 3633 504 3718 plurimam
527 3633 614 3699 dicit.
647 3629 793 3712 Tardius,
816 3653 913 3718 quem
928 3631 1036 3697 decuit
1051 3653 1098 3713 ee,
1125 3655 1186 3718 qne
1211 3635 1243 3698 in

84 3740 154 3805 dice
178 3739 232 3804 bic
253 3742 436 3818 occurrunt,
461 3761 525 3804 non
548 3739 616 3804 sinc
639 3760 733 3804 ceusu
754 3738 893 3803 scribere
916 3737 1036 3818 distuli,
1062 3739 1136 3804 dum
1152 3746 1242 3806 tuum

84 3846 141 3912 hic
162 3845 256 3910 eride
277 3847 443 3929 sperebom
465 3846 648 3912 adventum.
695 3844 786 3923 Quod
809 3865 880 3910 cum
904 3865 967 3910 non
992 3845 1096 3926 detur,
1121 3849 1159 3912 ut
1174 3869 1243 3912 mo·

655 3949 673 3990 e

160 4043 169 4094 1
193 4037 398 4096 Gcesembrct?
504 4038 603 4110 rvgl.
623 4037 677 4093 den
698 4035 772 4092 brist
799 4052 836 4091 en
858 4035 992 4093 Wilhelm
1010 4055 1064 4093 von
1083 4038 1242 4095 Reicheneu

85 4127 159 4182 oben
179 4145 222 4184 nr.
241 4129 265 4182 7.
337 4124 512 4198 tconcept:
543 4125 701 4181 anteferte
718 4124 823 4180 netuli·
842 4129 887 4192 [ec.
906 4123 1032 4195 Christi}
1135 4125 1242 4182 tcon-

82 4217 165 4285 eept:
184 4213 341 4285 religiosus.
413 4217 429 4272 5
449 4212 572 4282 concept
593 4211 668 4280 folgt
686 4211 775 4268 noch:
794 4210 937 4283 Jec[obus]
951 4211 1078 4268 Bohreus
1098 4215 1167 4268 ente
1186 4215 1241 4268 ter-

86 4301 194 4358 minum
213 4319 233 4358 e
251 4303 311 4360 icco
328 4299 455 4358 diecemit
474 4303 503 4356 ct
521 4297 673 4356 temilierir
692 4299 834 4354 cntuedenr
856 4297 977 4370 episcopi
995 4299 1024 4354 in
1042 4299 1167 4370 Ungerie
1184 4301 1241 4356 exi-

84 4390 145 4446 stit
217 4393 234 4447 6
254 4389 396 4446 Hermenn
414 4389 452 4444 iet
472 4387 576 4446 bereite
594 4406 641 4444 em
662 4390 701 4444 15.
717 4386 781 4458 juni
803 4387 869 4446 1467
897 4387 927 4442 in
945 4386 1074 4444 dieneten
1093 4387 1142 4444 der
1161 4388 1240 4445 stedi

85 4476 248 4548 Ntrnberg,
267 4477 319 4534 wie
336 4479 381 4533 ein
400 4476 548 4533 deutscher
566 4476 642 4532 brief
658 4493 711 4534 von
730 4476 789 4532 ihm
809 4493 843 4532 eu
863 4475 917 4530 den
936 4479 983 4530 ret
1001 4474 1042 4548 [in
1062 4494 1174 4532 unserm
1196 4494 1239 4532 co·
