3002 5070
816 377 857 442 64

259 577 345 632 curo,
369 576 432 619 non
456 554 560 618 dicam
576 553 723 636 quicquid
750 552 781 615 in
801 552 929 617 buccam
953 552 1006 616 sed
1024 552 1175 637 quicquid
1199 553 1231 616 in
1257 553 1417 617 calamum

257 661 355 738 venit,
384 659 526 736 effundo,
556 657 631 741 quia
654 660 762 720 noster
787 677 876 720 amor
898 655 990 720 nobis
1013 661 1161 733 mnatns,
1194 657 1287 720 nobis
1311 656 1414 740 lepos,

257 766 347 830 nobis
371 764 521 830 facundia
543 783 668 845 semper
692 762 763 826 erit.
811 759 913 825 Tuum
932 761 1031 826 eciam
1049 765 1166 825 statum
1190 762 1270 827 milri
1291 784 1417 826 summe
1487 795 1488 800 κ

257 895 331 937 cure
355 875 386 936 ct
410 867 557 954 vigilanti
581 873 613 932 ct
637 867 807 932 dormienti
832 889 897 932 esse
923 869 1012 932 scias.
1069 867 1226 932 Proximis
1247 889 1327 954 ergo
1351 869 1417 932 tuis

256 976 384 1061 scriptis
413 995 463 1039 me
492 974 667 1038 cerciorara
692 973 769 1038 velis
802 973 839 1037 de
876 973 1083 1057 magisterij¹
1115 973 1295 1057 adepcione,
1325 975 1419 1038 etde

256 1083 395 1148 transitu
420 1081 452 1144 in
466 1078 607 1144 Ytaliam
633 1081 732 1143 eciam
755 1079 949 1164 quandoque
974 1077 1034 1164 [te]
1058 1081 1202 1164 cogitare
1226 1080 1352 1146 vellem.

345 1185 457 1249 Moneo
480 1184 615 1262 deinum,
638 1189 671 1248 te
694 1186 807 1268 patrue
823 1184 1017 1263 suavissime,
1040 1205 1096 1248 oro
1111 1188 1145 1248 et
1170 1184 1292 1264 hortor,
1317 1207 1356 1250 nc
1372 1187 1416 1248 si·
1488 1259 1489 1282 Χ

255 1313 312 1357 nas
335 1290 435 1356 ullam
458 1289 514 1353 abs
538 1293 570 1354 tc
593 1289 726 1354 inertem
751 1290 841 1354 abira
856 1290 950 1356 diem.
999 1289 1158 1354 Memento
1182 1294 1299 1354 etatem
1323 1291 1415 1356 abire
1488 1283 1489 1306 l

255 1403 288 1464 et
311 1417 404 1462 canos
437 1401 513 1459 ants
542 1400 742 1480 expectatum
776 1401 901 1479 tempus
932 1399 1082 1479 irrepere.
1137 1393 1237 1460 Nulla
1260 1396 1322 1460 tibi
1345 1395 1413 1460 dies

254 1503 426 1580 illucescat,
453 1524 516 1585 qua
535 1522 598 1566 non
615 1501 737 1584 aliquid
753 1500 904 1578 addiscas,
929 1504 965 1564 ut
989 1506 1021 1564 te
1036 1498 1200 1564 meliorem
1221 1500 1414 1564 doctiorem·

255 1629 316 1691 que
339 1606 458 1670 facturn
490 1627 556 1670 esse
580 1605 683 1670 dicere
705 1606 826 1689 possis,
860 1627 932 1670 cum
967 1603 1027 1667 tibi
1051 1603 1173 1686 vesperi
1196 1625 1324 1687 semper
1346 1605 1413 1668 vita

253 1713 296 1776 sit
320 1712 404 1778 racio
437 1711 601 1776 reddenda.
661 1711 695 1776 ld
727 1711 826 1775 menti
858 1711 957 1776 fixum
979 1708 1115 1786 habeto,
1148 1708 1327 1788 dediscere,
1357 1710 1413 1793 qui

254 1838 317 1881 non
341 1817 450 1881 discat.
499 1815 603 1880 bitere
626 1815 771 1900 prolecto
793 1821 878 1896 sunt,
904 1837 1038 1898 quarum
1056 1833 1117 1896 ope
1132 1815 1229 1896 atque
1251 1814 1413 1898 dignitate

254 1929 286 1986 tc
311 1921 405 1986 tollas
431 1923 537 1987 humo.

800 2169 857 2255 27,

253 2313 446 2388 Hermann
483 2307 636 2382 Schellel
671 2331 721 2380 an
755 2309 908 2386 Johann
942 2315 986 2388 de
1014 2316 1232 2394 Ratisbona.
1277 2323 1410 2422 [Auga-

665 2431 761 2526 burg
791 2429 1001 2537 1459l60]².

617 2587 743 2644 clm.22l
757 2587 777 2644 f.
796 2589 869 2646 30012.
889 2589 1012 2665 concept
1022 2595 1039 2650 ³.

251 2714 372 2778 Danlr
395 2713 466 2777 llir
490 2711 552 2775 die
584 2711 803 2777 auslrunlt
835 2717 935 2781 iiber
959 2717 1195 2789 Hartmann
1219 2724 1408 2794 Schedel.
1491 2729 1492 2764 l

253 2820 492 2902 Verteidigt
521 2818 665 2882 seinen
697 2819 810 2902 plan,
845 2823 938 2888 dass
972 2827 1168 2894 derselbe
1206 2834 1308 2898 nach
1334 2833 1408 2898 lta·

476 2923 699 3006 liengehe.
748 2923 922 2993 Lobder
947 2929 1178 2999 ltaliener.

339 3065 561 3150 Coinplacendi
585 3063 783 3130 voluntatem
804 3068 912 3134 debita
929 3092 999 3136 curn
1017 3076 1196 3140 reverencia
1219 3081 1251 3142 et
1276 3079 1404 3146 honore.

250 3173 386 3256 Egregie
409 3171 535 3236 domine
558 3172 668 3236 doctor
690 3177 922 3258 preceptorqua
955 3177 1188 3258 colendissimo,
1212 3182 1325 3248 literas
1347 3207 1401 3250 ve-

248 3283 329 3342 stras
352 3279 390 3342 ad
415 3298 465 3339 me
487 3275 656 3340 novissime
675 3277 764 3340 datas
788 3282 930 3362 gratanti
954 3284 1061 3348 animo
1083 3287 1205 3370 suscepi
1217 3337 1306 3354 .....
1331 3295 1402 3354 tan·

248 3389 312 3448 tam
336 3383 418 3446 enim
455 3381 672 3446 maturitatem
696 3385 825 3467 tamque
848 3387 1013 3470 egregium
1037 3397 1188 3456 ornatum
1212 3415 1271 3477 pre
1294 3417 1328 3458 se
1355 3395 1401 3460 fc·

249 3493 334 3567 runt,
358 3510 449 3572 quem
475 3508 536 3550 non
561 3489 600 3550 ab
625 3488 688 3551 alio
705 3511 800 3574 quarn
824 3491 863 3554 ab
885 3492 1014 3560 homine
1030 3497 1250 3564 sollertissimo
1274 3503 1402 3569 etmihi

248 3592 439 3659 orrricissimo
465 3592 628 3675 proficisci
652 3594 822 3678 conspicio.
869 3597 895 3660 A
922 3601 1037 3664 teneris
1061 3603 1146 3667 enim
1168 3606 1260 3668 annia
1282 3628 1406 3692 semper

247 3699 276 3762 d.
302 3719 330 3761 v.
353 3695 444 3760 famo
466 3701 498 3760 st
520 3695 552 3760 in
576 3698 663 3761 ornni
686 3719 802 3782 genere
820 3701 987 3768 literarum
1004 3708 1237 3773 ornatissimam
1261 3733 1281 3774 a
1302 3714 1403 3778 maio·

247 3803 335 3865 ribus
362 3803 440 3866 meis
471 3804 603 3886 cognovi
627 3809 660 3866 et
682 3803 911 3872 intellexi....
937 3808 976 3872 Et
1008 3811 1084 3893 quia
1114 3818 1264 3896 patruum
1297 3837 1403 3883 meum

247 3907 510 3993 Hart[mannam]
528 3905 690 3996 Sche[del]
707 3909 835 3993 scriptis
859 3914 970 3977 vestris
986 3915 1143 3999 singulari
1161 3919 1306 3984 doctrina
1331 3943 1401 4006 pre·

246 4015 349 4078 ditum
371 4037 441 4079 cum
464 4013 673 4078 assuetissimis
696 4015 837 4080 moribus
869 4040 905 4082 ao
927 4020 1008 4083 mira
1040 4021 1107 4087 vite
1132 4023 1322 4106 integritate
1346 4048 1399 4091 ex-

816 4125 832 4163 ¹l¹

317 4209 329 4261 l
350 4207 409 4264 cod.
427 4203 479 4260 418
497 4205 581 4260 illius.
630 4205 692 4276 Vgl.
711 4225 752 4261 nr.
773 4209 815 4264 31.
912 4211 929 4263 2
946 4209 1090 4282 Datirung
1108 4213 1180 4268 nach
1205 4213 1256 4268 der
1274 4217 1399 4288 stelluag

245 4296 283 4351 im
302 4296 386 4352 codex
414 4313 476 4349 aum
497 4296 619 4366 rotigen.
715 4297 731 4350 3
755 4295 883 4354 Viellach
910 4297 1170 4370 durchcorrigirtas,
1189 4319 1252 4356 aum
1279 4303 1330 4362 teil
1350 4304 1398 4359 ab·

245 4383 415 4440 weichendes
436 4385 552 4454 concept
565 4382 630 4438 ibid.
647 4381 695 4438 fol.
707 4385 758 4438 310
775 4383 1108 4458 (verkelrrteingeheltet,
1127 4388 1236 4460 anlang
1248 4389 1277 4445 in
1299 4397 1396 4463 verso).

248 4471 416 4526 lleinachrilt
435 4471 482 4526 des
500 4473 593 4525 ersten
613 4471 769 4526 ubschnitta
788 4473 854 4528 ibid.
877 4475 921 4530 l'ol.
942 4472 989 4530 72⁶
1001 4475 1123 4546 oinlaga.
