3002 5070
800 408 884 512 16,

246 585 381 664 vissime,
404 605 477 650 oum
500 585 583 650 cirea
607 584 727 649 natalia
750 583 870 649 Christi
901 585 940 649 ad
963 583 1126 650 ecclesiam
1149 605 1241 648 suam
1266 587 1301 648 et
1324 581 1409 648 ciri·

245 696 343 756 tatem
366 713 433 757 sese
456 690 634 769 conferret,
668 695 827 775 oportuna
850 689 931 754 mibi
953 687 1062 756 oblato
1084 693 1133 753 est
1155 689 1278 754 occasio
1303 688 1405 753 eundi
1490 700 1491 786 t

248 797 400 876 Romam,
427 797 483 861 ubi
514 795 699 882 frequenter
731 802 835 862 tecum
872 816 972 861 essem
994 794 1109 860 literis.
1156 792 1309 859 Preterea
1331 793 1410 857 veui
1490 787 1491 844 l

248 903 380 968 Romam
403 901 452 966 ad.
476 898 566 966 Xlll.
591 901 740 967 kalendas
763 900 960 980 februarias,
988 899 1123 983 ,tametsi
1148 899 1238 964 mille
1260 897 1413 983 pericula

246 1029 309 1074 non
333 1006 460 1072 defuere
483 1006 628 1085 itineris,
660 1006 742 1070 uiris
766 1011 798 1072 ct
821 1005 998 1094 grandinis,
1021 1025 1080 1089 par
1102 1005 1272 1088 Appenina
1295 1007 1408 1068 minen

247 1113 284 1198 (ἰ)
308 1114 383 1199 iuga
406 1113 509 1196 magis
533 1112 697 1197 magisque
730 1111 952 1178 insidiancium
980 1111 1116 1196 denique
1144 1107 1409 1175 latrunculorum

247 1223 376 1283 caterva
398 1217 524 1282 obviam
546 1216 618 1282 fuit.
665 1215 734 1281 Nec
763 1216 827 1301 bijs
858 1217 936 1282 adeo
959 1215 1150 1300 perterritus
1172 1215 1297 1296 obmisi,
1320 1217 1409 1300 quin

247 1323 323 1387 bina
338 1323 398 1387 tibi
415 1322 531 1387 nuncia
546 1323 707 1388 crederem
724 1323 745 1387 ¹.
791 1321 869 1389 Cum
893 1323 977 1388 euim
993 1321 1168 1388 Tuscorum
1193 1341 1307 1406 agrum
1324 1319 1409 1386 Flo-

253 1428 450 1492 rentiuorum
477 1428 646 1512 ingressus,
669 1429 791 1493 cuidam
816 1429 938 1494 meaad
956 1432 988 1493 te
1004 1428 1075 1493 dedi
1092 1429 1221 1511 scripta,
1244 1428 1320 1492 licet
1336 1449 1407 1493 non

249 1535 328 1598 satis
350 1534 489 1616 cognito,
513 1533 606 1598 alteri
641 1555 714 1598 vero
737 1535 910 1617 plurimum
944 1533 1111 1599 notissimo
1141 1533 1314 1618 presbitero
1341 1533 1411 1617 lly-

248 1639 394 1704 stettensi
427 1643 502 1702 ante
530 1636 684 1703 Senonum
715 1639 840 1718 urbem,
873 1641 948 1705 dum
977 1639 1108 1704 comites
1142 1643 1288 1724 equester
1309 1639 1407 1704 dere-

248 1745 392 1827 linquere
415 1766 477 1809 uon
501 1765 633 1829 possem,
656 1745 762 1809 verbis
785 1745 950 1823 mandavi,
984 1745 1087 1830 quoad
1111 1745 1212 1828 potui,
1235 1749 1271 1809 ut
1294 1766 1407 1809 meum

249 1851 308 1914 tibi
332 1849 476 1915 refferret
490 1871 665 1914 occursum.
703 1847 889 1933 Complures
912 1854 1018 1914 autem
1041 1849 1151 1914 literas
1173 1849 1311 1929 interim,
1335 1871 1405 1934 quo
1492 1869 1493 1876 ¹

250 1955 349 2021 Rome
373 1954 430 2035 fui,
454 1961 509 2021 tuo
525 1955 722 2021 nobilissimo
738 1955 854 2020 tradidi
879 1955 956 2034 filio,
981 1955 1166 2019 existimaus
1181 1977 1251 2019 eum
1276 1953 1405 2020 dulcem

248 2067 327 2144 aput
351 2067 383 2125 te
405 2061 522 2126 habere
542 2060 732 2126 convictum.
778 2058 861 2124 Nam
885 2061 933 2124 ita
953 2058 1204 2125 subordinarit¹
1226 2058 1329 2124 frater
1352 2058 1408 2125 si-

249 2165 472 2251 gismundus³,
505 2167 558 2250 qui
583 2166 834 2231 commissionem
863 2167 919 2231 abs
948 2172 981 2229 te
1011 2165 1129 2230 habere
1152 2164 1296 2248 prolecto
1319 2166 1410 2230 late-

250 2271 352 2338 butur.
400 2269 455 2336 Set
471 2271 653 2355 supervenit
669 2270 731 2352 hijs
747 2270 857 2334 diebus
880 2269 918 2336 de
935 2267 1129 2356 Salcaburga
1145 2271 1298 2354 magister
1316 2269 1405 2336 Pau·
1493 2285 1494 2304 ³

248 2376 308 2454 lus,
332 2377 386 2462 qui
410 2375 582 2461 dicerettl),
605 2397 712 2441 secum
736 2375 831 2440 fuisse
855 2375 1033 2458 proiectum
1057 2375 1096 2440 de
1115 2375 1245 2442 Pataris
1269 2377 1300 2440 in
1326 2375 1409 2442 Fer-

249 2481 374 2548 rariam.
420 2479 560 2546 Tandem
585 2502 711 2546 omnem
737 2479 865 2544 resolvit
882 2480 1064 2564 perplexam
1088 2481 1318 2566 cogitationem
1343 2482 1403 2547 do·

249 2585 352 2650 minus
363 2583 733 2661 Johaunes,secretarius
746 2591 779 2648 et
790 2584 971 2668 capellanus
993 2589 1066 2649 tuus
1080 2585 1102 2665 ⁴,
1119 2607 1156 2650 ex
1166 2586 1316 2672 Augusta
1333 2589 1408 2654 sine

249 2691 352 2755 medio
375 2689 429 2775 qui
445 2689 507 2754 iter
523 2690 641 2755 diceret
657 2689 807 2771 exegisse.
847 2688 910 2754 Hic
926 2690 988 2754 kal.
1005 2689 1132 2773 Marcijs
1148 2692 1277 2756 veniens
1296 2693 1404 2758 nullas
1494 2741 1495 2750 κ

249 2795 328 2860 mibi
353 2796 408 2858 abs
444 2800 476 2858 te
501 2793 638 2858 reddidit
660 2793 789 2873 literas,
819 2815 898 2879 quas
921 2794 1028 2879 iuquit
1050 2793 1194 2861 Ferraria
1224 2798 1346 2878 missas,
1370 2807 1411 2864 ut
1494 2785 1495 2788 ¹

250 2900 433 2964 Ravemam
457 2899 685 2978 mitterentur,
715 2900 846 2963 credens
878 2899 945 2963 illic
968 2922 1019 2964 me
1042 2907 1244 2984 reperturum
1269 2904 1354 2968 circa
1376 2905 1411 2971 d.

248 3004 426 3088 primatem.
473 3002 554 3079 Quid
578 3003 704 3068 dicam?
727 3003 808 3080 Quid
832 3026 912 3088 opus
935 3010 984 3070 est
1006 3005 1135 3071 verbis?
1158 3005 1323 3082 Quantum
1350 3009 1410 3074 ille

250 3133 301 3174 me
318 3107 454 3192 replevit
469 3109 596 3194 gaudio,
621 3116 777 3194 quantum
794 3111 939 3190 tristicie,
956 3133 1044 3176 mens
1062 3134 1130 3176 rusa
1147 3119 1292 3192 testetur,
1316 3136 1408 3180 cum·

251 3237 313 3300 que
337 3213 551 3299 plurimarum
575 3237 680 3280 rerum
706 3216 882 3299 plenariam
911 3216 990 3280 mihi
1014 3217 1249 3283 absolucionem
1274 3218 1409 3288 demon-

249 3325 383 3396 straret,
423 3343 458 3385 er
490 3321 605 3404 quibus
639 3342 756 3405 magua
790 3320 897 3385 leticia
932 3344 982 3386 me
1005 3322 1145 3387 afficeret
1169 3325 1411 3412 mestitudoque

249 3449 377 3511 magua,
400 3427 533 3491 subinde
549 3431 639 3490 tuum
665 3427 777 3490 intulit
793 3427 1028 3512 magistratum.
1077 3427 1118 3493 Et
1134 3451 1173 3494 ne
1196 3429 1306 3495 forte⁵
1323 3435 1412 3518 quod

251 3534 376 3597 animus
399 3553 487 3596 meus
521 3533 553 3595 iu
589 3533 707 3614 patinis
740 3539 821 3597 esset
852 3540 884 3598 et
914 3555 985 3598 cum
1008 3535 1169 3600 sodalibus
1192 3539 1269 3600 tunc
1293 3536 1412 3603 culices

251 3642 413 3722 epotaret,
436 3639 553 3704 idcireo
577 3637 725 3702 lacrimas
747 3639 944 3722 proluderim
973 3641 1011 3705 de
1032 3639 1329 3724 superhabundanti
1354 3665 1411 3710 ex·

250 3745 425 3820 ultacioue,
459 3743 557 3808 sciam
590 3749 686 3828 utque
711 3745 808 3809 eciam
833 3746 947 3810 mentis
971 3746 1075 3811 fervor
1106 3769 1156 3810 me
1188 3752 1276 3812 tenet
1299 3749 1414 3835 sicque

250 3867 319 3912 cum
354 3852 470 3912 memet
500 3848 638 3915 diiudico
671 3855 703 3914 et
730 3852 764 3914 in
800 3855 832 3916 te
855 3851 1075 3934 diguissimam
1109 3853 1246 3939 gloriam
1271 3857 1411 3937 pensito,

252 3957 382 4036 propter
398 3953 593 4038 singularem
619 3978 757 4020 amorem
775 3961 830 4020 tuo
858 3959 980 4041 gaudeo
1007 3959 1130 4036 honori,
1154 3964 1288 4044 propter
1303 3961 1413 4026 varias

250 4080 323 4123 vero
347 4059 570 4143 occupacioues
601 4061 755 4127 distracto
784 4062 937 4128 condoleo
972 4064 1049 4128 viro.
1098 4061 1202 4150 [294³]
1237 4062 1319 4129 Nam
1346 4065 1413 4149 bijs

821 4185 838 4222 ¹t²

323 4302 335 4356 1
355 4301 521 4356 traderem?
595 4304 611 4356 2
632 4302 792 4358 ‘ordenlieh
812 4321 905 4360 secaen
925 4304 990 4360 einss
1014 4305 1101 4362 ruder
1114 4306 1147 4360 da
1161 4307 1266 4362 ander«
1287 4307 1412 4366 Dieffsn-

252 4389 333 4458 bach,
352 4389 465 4447 Glossar
484 4407 505 4447 s.
525 4389 551 4445 b.
567 4407 608 4454 r.;
629 4389 771 4445 vielleioht
792 4392 978 4463 supportavit.
1033 4393 1050 4448 3
1071 4395 1233 4450 Meisterlin.
1296 4397 1311 4449 4
1333 4397 1412 4454 Doch

253 4475 325 4534 wohl
345 4476 394 4532 der
412 4494 453 4532 nr.
472 4477 507 4532 23
526 4479 669 4548 genannte
688 4477 750 4536 Joh.
768 4477 941 4549 Pruntrigel.
1014 4483 1029 4536 5
1050 4477 1131 4536 rehu
1150 4483 1271 4538 credas?
