2990 5068
655 385 716 450 151

93 561 136 626 Si
161 562 236 646 quie
261 562 330 626 vult
365 561 501 626 dominis
524 560 742 644 complacere,
776 560 891 626 vendat
922 558 1050 640 oleum,
1074 559 1196 644 repleat
1219 559 1265 622 eis

95 669 316 751 marsupium,
340 673 440 751 ponat
462 668 598 733 cervical
621 668 681 732 sub
703 666 809 751 capite
832 669 865 730 et
888 664 1071 748 pulvinaria
1093 665 1152 729 sub
1175 664 1264 730 omni

94 773 219 838 cubitu
242 795 355 838 manus
377 777 410 838 et
424 773 509 838 dicat
523 795 664 858 semper:
692 771 752 838 »Ja
767 771 884 846 Herre,
901 778 933 836 et
949 770 1138 854 quandoque
1154 768 1264 834 trahat

94 879 192 964 leges
224 901 282 962 per
313 879 425 944 crinea.
477 877 575 956 Quid,
600 879 626 943 si
652 878 696 962 hij
731 878 829 943 mali?
875 877 958 942 heus
984 876 1104 953 bonus,
1127 872 1264 939 facultas

97 982 279 1048 laudabilis
304 987 336 1046 et
351 982 485 1047 scientia
502 983 654 1048 canonica
678 985 797 1060 sancta,
821 1003 881 1066 que
897 980 1000 1046 tocius
1015 977 1264 1043 christianitatis

95 1088 251 1151 continet
268 1107 421 1164 normam,
438 1087 489 1152 cni
509 1093 673 1172 tamquam
685 1087 811 1152 domine
827 1095 860 1150 et
877 1085 987 1170 regine
1002 1103 1112 1150 omues
1127 1082 1263 1148 sciencie

97 1194 248 1256 humane
282 1190 454 1256 inferiores
485 1195 518 1256 et
542 1191 699 1258 seculares
727 1191 825 1256 veluti
849 1191 1035 1274 pedisseque
1057 1187 1262 1254 ancillantur.

96 1296 137 1362 Si
154 1297 266 1362 dixero
282 1295 446 1360 insimili:
465 1295 626 1360 »Pulchre
638 1295 759 1374 vestiri,
780 1295 910 1380 egregie
925 1293 1054 1360 mentiri
1067 1297 1100 1358 et
1114 1293 1263 1360 audacter

96 1401 286 1466 interficere
310 1407 358 1466 est
382 1402 580 1466 medicorum
603 1401 739 1478 lacere«,
763 1421 823 1465 non
847 1399 983 1467 iniurior
1006 1399 1124 1464 sanctis
1149 1399 1262 1464 Cosmo

95 1513 136 1573 et
154 1505 313 1570 Damiano
338 1526 396 1569 nec
418 1504 582 1570 confundo
610 1505 763 1570 medicine
785 1505 989 1584 facultatem,
1012 1525 1083 1570 cum
1106 1504 1261 1588 scriptum

98 1611 203 1674 eciam
220 1610 287 1674 scio
300 1611 333 1674 iu
347 1609 590 1674 Ecclesiastico:
618 1609 821 1676 >ditissimus
838 1607 873 1697 [f.
891 1609 969 1694 272]
986 1610 1023 1675 dc
1039 1613 1127 1674 terra
1143 1610 1263 1674 creavit

99 1714 297 1779 medicinam
312 1719 345 1778 et
361 1714 410 1778 vir
429 1714 569 1797 prudens
584 1735 646 1778 uon
662 1715 847 1780 abhorrebit
863 1736 932 1780 eam
943 1715 982 1780 ’.ι
1010 1713 1052 1778 Et
1066 1711 1168 1778 infra:
1194 1713 1263 1778 »lla

98 1821 210 1884 locum
236 1819 366 1895 medico,
389 1818 505 1884 etenim
521 1819 597 1883 deus
620 1820 740 1884 creavit
763 1819 854 1883 illum
878 1825 909 1883 et
932 1839 995 1882 non
1018 1818 1159 1884 discedat
1182 1823 1262 1897 ate,

99 1926 181 2010 quia
203 1947 300 2008 opera
323 1923 391 1990 eius
412 1929 488 1988 sunt
504 1924 709 1990 necessaria.‹
748 1923 942 2003 Hermanno,
965 1947 1003 1988 ex
1020 1923 1131 1989 multis
1146 1945 1255 2008 pauca.

104 2031 201 2114 Ruga
232 2029 388 2106 frontem,
419 2033 497 2112 puto
531 2051 580 2094 rne
603 2029 681 2094 bene
708 2029 870 2114 scripsisse
902 2035 934 2094 et
962 2029 1065 2094 fateor
1095 2049 1146 2094 me
1179 2030 1262 2094 male

101 2138 221 2202 vixisse
244 2141 277 2200 et
300 2135 543 2216 ingratitudinis
566 2134 693 2214 vicium,
718 2136 800 2218 quod
818 2137 866 2200 est
883 2135 1136 2218 peremptorium
1155 2134 1261 2200 anime

99 2247 133 2307 et
157 2240 346 2306 detestabile
369 2241 452 2324 apud
475 2245 579 2318 deum,
604 2263 667 2306 non
690 2241 868 2308 incurrisse.
915 2241 1051 2307 Student
1074 2241 1167 2320 boni,
1190 2245 1259 2305 stu·

99 2349 181 2412 deut
204 2348 301 2426 mali,
334 2346 397 2412 fine
430 2352 535 2412 tamen
571 2346 721 2430 inequali.
768 2346 810 2411 Et
839 2346 884 2411 sic
915 2346 1004 2410 illam
1034 2345 1259 2411 contumeliam

99 2454 200 2518 surda
224 2474 301 2516 aure
323 2452 518 2536 pertransire
542 2451 669 2518 edocuit
690 2473 740 2516 me
752 2453 905 2538 magister
923 2452 1092 2536 paciencic,
1116 2451 1258 2535 quicum

98 2559 232 2643 alapam
246 2558 420 2642 accepisset
436 2558 510 2622 etei
528 2557 703 2622 diceretur:
722 2556 805 2622 >Cur
821 2559 866 2623 sic
881 2558 1052 2642 respondes
1068 2556 1210 2640 pontifici
1222 2560 1256 2620 ‘a

101 2663 206 2728 nichil
218 2665 410 2730 coutumelie
421 2667 533 2730 contra
545 2683 711 2746 personam
723 2664 883 2746 pontilicis
896 2670 944 2728 est
960 2665 1121 2748 loquutus,
1139 2664 1213 2747 quia
1229 2671 1261 2728 et

100 2790 178 2851 sepe
194 2767 390 2852 multiloquii
401 2770 438 2852 (l)
455 2773 488 2834 et
503 2768 715 2852 inpacientenr
734 2767 931 2852 breviloquio
956 2774 988 2834 et
1011 2767 1172 2852 paciencia
1187 2769 1260 2834 vici.

192 2871 318 2950 Subdis,
335 2871 527 2953 Hermanna,
542 2879 669 2957 postea:
695 2873 898 2940 »hlemineris
916 2875 1077 2958 figmentis
1092 2881 1259 2957 poetarum

100 2987 136 3044 te
159 2978 319 3044 adhesisse
341 2985 373 3042 et
396 3001 467 3046 curn
493 2979 588 3044 beato
614 2978 781 3045 Jeronimo
808 2979 1020 3064 [Ciceronem]
1046 2979 1123 3044 olim
1149 2985 1181 3044 te
1204 3001 1258 3062 pe·

101 3085 247 3152 nitencia
271 3106 356 3150 nunc
381 3086 510 3150 ductum
534 3085 658 3166 legisse.
710 3085 861 3150 Arbitror
876 3107 946 3168 ego,
970 3085 999 3150 si
1016 3107 1052 3151 eo
1068 3085 1172 3161 modo,
1198 3103 1260 3166 quo

102 3189 444 3257 beatusJeronimnsc.
482 3189 599 3256 Verum
619 3191 732 3271 fateor,
756 3213 805 3256 me
827 3191 880 3256 vix
905 3191 1086 3256 rudimenta
1099 3187 1260 3253 Ciceronis

101 3303 135 3362 et
157 3295 298 3362 aliorum
322 3301 474 3380 gustasse,
498 3301 530 3362 et
550 3295 577 3360 si
601 3298 738 3362 attendis
760 3299 858 3364 verba
881 3295 1015 3379 epistole
1033 3315 1111 3371 mee,
1135 3315 1196 3378 que
1223 3299 1258 3358 tu

103 3404 210 3466 minus
227 3400 367 3465 fideliter
386 3401 552 3480 truncasti,
576 3402 654 3466 satis
677 3402 801 3467 esttibi
826 3408 882 3466 tua
906 3400 1079 3483 responsio.
1124 3395 1194 3476 cui,
1221 3421 1261 3463 ne

103 3507 214 3572 videar
238 3505 282 3570 rei
315 3505 404 3570 illius
434 3507 564 3571 omnino
595 3507 748 3589 ignarus,
780 3510 917 3572 annecto
949 3510 1074 3570 textum
1099 3504 1141 3568 38
1163 3504 1206 3569 di.
1230 3513 1260 3569 c⁰

103 3609 272 3691 Turbat§
306 3607 370 3674 Cur
393 3608 497 3696 ergo'
528 3611 702 3691 situatum,
729 3611 902 3676 dicentem:
944 3607 1125 3676 »seculares
1150 3608 1260 3674 literas

104 3715 235 3801 qnidam
260 3713 373 3798 legunt
397 3715 434 3780 ad
460 3715 674 3798 voluptutem,
701 3721 865 3797 poetarum
889 3714 1063 3797 tigmentis,
1087 3713 1118 3778 id
1142 3719 1190 3778 est
1212 3713 1259 3778 f·

105 3821 189 3887 bnlis
213 3825 247 3885 et
270 3825 386 3886 ornatu
411 3821 577 3885 verborum
602 3820 749 3884 delectati
775 3841 920 3902 semper,
944 3823 976 3884 et
1001 3820 1060 3884 hoo
1084 3840 1146 3884 nor:
1171 3819 1257 3884 licet.

104 3927 240 4004 Quidam
256 3947 331 3991 vero
347 3927 384 3990 ad
404 3926 615 3992 erudicionem
632 3947 683 3990 eas
700 3925 867 3990 addiscunt
881 3945 1025 4009 semper,
1048 3931 1081 3990 et
1099 3925 1158 3992 hoc
1174 3925 1259 4002 licet,

105 4040 274 4098 uterrores
286 4032 455 4115 gentilium
469 4032 602 4116 legendo
614 4033 811 4096 detestentur
822 4035 854 4094 et
865 4030 969 4110 utilia,
984 4053 1045 4114 que
1062 4031 1093 4095 in
1107 4030 1151 4094 eis
1170 4029 1257 4093 inve-

104 4140 224 4218 nerint,
239 4139 384 4203 adesum
399 4158 485 4202 sacre
503 4137 693 4202 erudicionis
708 4137 812 4201 devoti
826 4137 998 4216 invertant,
1024 4137 1113 4200 idest
1128 4157 1257 4200 conver·

105 4243 284 4324 laethales
302 4243 506 4309 laudabiliter
522 4243 678 4308 seculares
697 4243 806 4307 literas
827 4243 1024 4322 addiscunt«,
1051 4248 1086 4306 nt
1103 4242 1146 4306 ibi
1164 4242 1259 4326 longe

293 4421 296 4429 ,
671 4387 689 4422 n

176 4473 190 4526 l
211 4471 281 4526 coer,
291 4469 334 4536 38,
347 4471 372 4524 4.
428 4471 445 4523 2
464 4471 498 4524 ue
513 4470 550 4525 ist
563 4469 699 4526 vielmehr
709 4471 810 4526 decret.
830 4469 960 4526 Gratiani
976 4469 1029 4526 P.1
1043 4471 1108 4526 dist.
1120 4469 1257 4527 XXXVII.
