3002 5070
800 417 842 481 22

245 595 395 681 quoniam
418 598 548 680 oportet
571 592 747 674 flagitiosos
770 591 946 671 emendare,
970 583 1149 676 numquam
1173 595 1281 654 tamen
1306 589 1399 654 mise-

245 701 382 767 ricordia
404 701 495 766 desit.
552 697 679 775 Quanta
707 697 834 762 demum
865 695 999 762 comites
1031 697 1144 760 debeat
1167 694 1291 760 esseio
1315 694 1398 760 facia

244 827 450 890 sermoneque
473 803 621 889 pretoria,
643 802 727 880 vide,
751 800 925 866 clarissime
946 799 1158 886 Sigiamunde‚
1182 805 1219 865 ut
1241 797 1326 887 ne[c]
1349 821 1397 864 se-

245 911 362 977 veritas
385 911 427 976 rit
449 910 587 995 superba
609 931 667 975 nec
689 908 805 973 lenitas
836 911 1031 992 contempta.
1085 905 1176 972 Unde
1199 928 1272 972 cum
1296 907 1398 991 Cyrus

244 1017 298 1084 ills
321 1015 564 1101 Xenophontem
576 1014 639 1101 (!)¹
669 1021 833 1101 tamquam
865 1015 1004 1100 effigiem
1030 1015 1105 1080 iusti
1130 1015 1255 1099 imperij
1281 1035 1399 1099 propo·

244 1126 344 1202 neret,
366 1121 454 1200 dicit,
477 1141 633 1186 summanr
657 1121 685 1184 ei
717 1119 814 1184 fuisse
846 1119 1041 1204 gravitatem
1071 1141 1142 1186 cum
1167 1119 1325 1204 singulari
1346 1141 1400 1185 eo-

247 1226 359 1291 mitate
382 1225 594 1295 coniunctam.
640 1226 725 1303 Quos
741 1227 869 1313 quidem
894 1227 962 1292 eius
984 1227 1083 1293 libros
1101 1233 1210 1292 noster
1225 1227 1280 1292 ille
1298 1225 1399 1291 Affri-

245 1351 342 1396 canus
375 1331 413 1396 de
445 1331 591 1396 manibus
614 1349 787 1416 numquam
821 1353 940 1416 ponera
970 1330 1102 1396 solebat.
1148 1330 1276 1396 Sciebat
1303 1331 1399 1410 eninr,

245 1436 371 1502 nullum
393 1435 425 1500 in
450 1437 495 1501 eis
517 1438 756 1521 pretermissum
779 1459 845 1502 esse
877 1436 1019 1502 officium
1044 1436 1210 1521 diligentis
1235 1440 1267 1501 at
1291 1437 1399 1502 mode·

249 1542 311 1606 rati
334 1541 470 1626 imperij.
518 1540 619 1618 Quam
642 1544 779 1628 pessima
800 1542 939 1609 confecit
965 1543 1118 1608 severitas
1153 1563 1263 1628 regum
1289 1548 1321 1606 et
1344 1547 1398 1628 ty·

246 1667 430 1726 raucorum,
454 1647 599 1732 exempla
621 1645 809 1736 require[re]
843 1669 906 1713 non
937 1648 1103 1734 pigriteris
1124 1649 1156 1712 in
1179 1647 1295 1731 officijs
1318 1646 1396 1712 'I'ul-
1484 1715 1485 1724 χ

245 1751 349 1817 lionis.
396 1751 567 1818 presertim
604 1775 675 1820 com
708 1774 818 1839 regere
853 1753 1091 1820 multitudinem
1115 1754 1176 1820 hac
1197 1775 1260 1818 non
1284 1754 1397 1838 possis,

247 1856 344 1922 velim
367 1878 492 1923 omnem
515 1858 653 1943 deponas
676 1859 768 1939 iram,
791 1881 852 1944 qua
875 1859 908 1924 in
941 1861 1075 1944 imperio
1105 1860 1291 1946 tyrannides
1312 1881 1399 1926 com·

247 1967 391 2048 putatur.
438 1961 531 2028 Levis
554 1964 637 2028 enim
661 1964 760 2030 animi
786 1964 913 2029 videtur
936 1971 968 2030 et
991 1965 1109 2030 infirmi
1133 1965 1193 2030 hoc
1214 1965 1343 2045 vicium,
1366 1971 1400 2030 et

246 2069 328 2134 nihil
351 2073 417 2134 tarn
439 2069 580 2135 deforme
603 2075 661 2150 est,
688 2092 784 2156 quam
803 2069 842 2135 ad
866 2092 1025 2136 summum
1049 2071 1219 2154 imperium
1242 2071 1399 2135 acerbita-

249 2181 314 2240 tem
346 2181 460 2241 nature
483 2175 665 2260 adiungere.
721 2175 835 2262 Neque
871 2176 1025 2242 contendo
1058 2182 1095 2241 ut
1131 2175 1214 2240 hanc
1250 2180 1399 2241 naturam

247 2284 360 2360 mutes,
383 2281 488 2366 siquid
511 2280 605 2348 faciei
628 2286 683 2348 tue
705 2283 884 2348 severitatis
906 2283 1007 2362 insit,
1032 2287 1069 2346 ut
1091 2281 1233 2366 asperior
1257 2279 1293 2368 [f.
1318 2281 1396 2370 298]

247 2407 461 2471 nonumquam
485 2386 593 2452 vultus
616 2389 773 2467 ostendit,
800 2411 870 2454 cum
894 2389 1020 2453 enimus
1042 2389 1084 2452 sit
1107 2388 1146 2452 ab
1170 2387 1335 2452 iracundia
1357 2387 1398 2450 li·

246 2491 410 2560 berrimus.
457 2490 507 2557 Ne
530 2493 626 2578 plane
648 2493 773 2578 insigne
797 2494 857 2559 tibi
880 2493 996 2558 vicium
1020 2493 1106 2571 insit,
1131 2513 1210 2577 rogo
1233 2492 1398 2556 moderare

245 2596 370 2662 vultum
402 2597 717 2683 placidissimumque
749 2599 882 2683 pauperi
906 2599 1056 2674 ostende,
1089 2621 1129 2663 ne
1153 2598 1213 2664 tibi
1236 2618 1300 2661 non
1322 2619 1400 2662 suas

246 2703 371 2787 ausit(!)
396 2703 552 2788 deponere
576 2704 789 2770 infirmitates.
836 2703 1012 2789 Siquando
1035 2710 1141 2770 autem
1166 2726 1214 2769 res
1236 2703 1398 2787 postulate

247 2807 338 2872 utin
362 2809 431 2873 iure
455 2809 606 2889 dicando,
630 2830 758 2894 gravem
792 2810 896 2893 recipe
919 2811 1137 2888 severitatem,
1161 2809 1266 2874 animo
1291 2814 1399 2873 tamen

245 2933 371 2998 semper
391 2914 497 2978 suavis
520 2920 587 2981 esto
599 2963 821 2982 ...........

333 3015 505 3102 Complura
526 3019 630 3084 adhoc
652 3040 770 3105 genera
794 3021 951 3085 virtutum
976 3020 1081 3084 minus
1104 3021 1197 3086 docto
1220 3027 1325 3085 essent
1349 3043 1399 3085 er·

247 3122 403 3207 ponenda,
427 3145 488 3208 que
511 3125 544 3189 in
567 3129 600 3190 te
621 3127 697 3190 sunt
719 3146 835 3210 magno
851 3145 984 3190 numero
1000 3124 1171 3204 cumulata,
1195 3124 1400 3190 meritissime

248 3233 367 3311 pretor.
415 3226 554 3294 Tantum
587 3250 666 3314 ege,
700 3236 735 3294 ut
760 3251 868 3295 omnes
897 3231 1072 3316 equitatem
1095 3233 1193 3309 tuam,
1216 3235 1401 3315 temperan-

245 3333 348 3414 oiam‚
378 3333 597 3419 integritatem
620 3335 759 3402 laudent.
816 3334 890 3400 Toti
916 3337 1051 3420 denique
1073 3336 1115 3400 sit
1137 3337 1300 3420 provincie
1323 3359 1400 3423 cog-

247 3439 365 3519 nitum·
384 3439 546 3518 omnium,
580 3440 695 3524 quibus
719 3441 829 3524 prosis,
852 3439 1008 3520 salutem,
1031 3440 1159 3520 liberos,
1184 3441 1312 3522 famam,
1335 3442 1403 3508 for·

245 3539 364 3607 tunas²
389 3563 455 3606 esse
478 3543 663 3610 carissimas.
711 3542 794 3608 Nam
818 3546 866 3610 tui
881 3546 1076 3611 contribules
1100 3551 1270 3631 exteraque
1293 3549 1401 3632 regio-

248 3669 302 3713 nes
324 3648 369 3713 sic
391 3653 424 3712 te
447 3645 494 3712 ita
516 3638 674 3714 virentem
698 3649 917 3730 intuebuntur,
939 3657 977 3715 ut
1001 3654 1156 3736 quendam
1180 3673 1218 3716 ex
1233 3653 1403 3718 annalium

247 3753 399 3818 memoria
422 3759 477 3818 aut
500 3754 599 3818 eciam
629 3754 667 3819 de
689 3755 756 3819 celo
785 3755 927 3820 divinum
959 3757 1119 3822 hominem
1144 3779 1226 3823 essse
1260 3759 1293 3822 in
1318 3758 1403 3826 hane

246 3881 311 3924 rem
328 3858 489 3942 publicam
506 3857 669 3942 delapsum
690 3863 814 3944 putent.
853 3859 1015 3926 Sacrificia
1039 3862 1146 3928 reddet
1170 3867 1247 3928 tunc
1269 3864 1401 3929 domino

245 3985 323 4050 gens
346 3962 543 4028 mercurialis
564 3961 747 4030 Suerorum.

333 4067 389 4134 Set
415 4069 521 4134 nescio
553 4092 616 4155 quo
649 4075 741 4153 pacto
774 4071 812 4135 ad
843 4071 1038 4154 precipiendi
1067 4073 1224 4137 racionem
1256 4073 1401 4139 derivata

246 4179 293 4239 est
316 4174 423 4240 oracio
446 4196 531 4256 mea,
563 4196 634 4240 curn
665 4176 698 4240 id
722 4176 820 4240 michi
851 4175 944 4259 (mihi
968 4177 1042 4262 hoe)
1075 4178 1275 4262 propositum
1302 4180 1401 4246 inicio

320 4330 329 4381 l
351 4329 425 4382 Muss
445 4330 587 4385 naturlich
606 4330 734 4386 heissen:
753 4281 856 4400 cyrlm
874 4332 955 4387 illum
971 4331 1133 4403 Xenophon.
1171 4332 1221 4388 Die
1240 4331 1398 4405 Cyropadie

246 4433 304 4470 war
324 4417 391 4470 1447
412 4433 466 4472 ron
480 4415 586 4486 Poggio
605 4415 745 4472 dbersetat
763 4420 884 4475 worden.
921 4419 986 4488 Vgl.
1004 4419 1059 4474 dan
1078 4421 1151 4476 brief
1173 4421 1343 4477 Blumanaus
1362 4441 1399 4478 an

247 4503 362 4560 Schadel
382 4504 426 4560 bei
441 4503 629 4560 wattenbach
649 4504 666 4558 i.
687 4506 713 4562 d.
732 4505 926 4579 Forsehungen
944 4507 991 4574 XI,
1011 4509 1072 4565 355.
1149 4512 1165 4567 2
1184 4510 1265 4566 Fehlr
1285 4511 1348 4574 tibi,
