3002 5070
624 465 667 529 53

68 639 201 718 decrevi,
225 662 359 725 quornm
392 645 425 705 et
446 643 471 705 si
504 643 598 728 longe
628 647 703 708 ante
726 643 847 727 copiam
873 643 1048 720 habuistis,
1081 643 1224 708 animum

69 765 222 828 ergarus
246 766 352 810 meum
375 749 495 830 pocius,
521 771 616 833 quam
640 749 725 814 hunc
743 750 857 814 exilem
873 749 1019 814 effectum
1045 749 1221 832 ponderare

67 869 189 914 necesse
212 856 270 916 eat.
317 849 395 916 Cum
426 854 509 917 enim
533 853 656 919 dicendi
679 859 794 935 artem,
828 876 891 939 qua
921 874 982 938 pro
1004 854 1162 936 dignitate
1185 873 1222 916 ac

67 956 153 1018 statu
177 976 314 1038 persone
336 961 440 1022 vestre
463 958 610 1023 laudibus
633 981 689 1023 vos
712 959 850 1038 efferam,
874 959 969 1043 longe
993 958 1089 1023 michi
1113 959 1221 1022 abesse

66 1061 282 1142 cognoverim,
307 1061 390 1126 hanc
413 1063 721 1129 demonstraciouem
745 1065 936 1150 politissime
952 1064 1158 1147 compositam
1183 1062 1221 1126 ad

68 1185 120 1228 vos
143 1166 367 1248 perferendam
392 1169 501 1245 statui,
526 1191 588 1254 qua
612 1175 644 1234 et
665 1169 850 1236 facultatem
874 1175 1010 1235 vestram
1034 1174 1067 1232 et
1089 1189 1144 1232 vos
1167 1189 1224 1252 per

67 1291 133 1334 earn
159 1269 222 1335 hoc
253 1275 397 1356 tempore
421 1275 674 1340 commendatum
699 1276 856 1360 relinquo
911 1275 953 1340 Et
985 1297 1024 1340 ne
1046 1295 1102 1338 vos
1124 1274 1221 1338 alcio-

65 1373 150 1437 ribns
183 1375 328 1442 deditum
365 1379 425 1444 hac
457 1380 591 1444 barbara
623 1379 788 1446 literarum
819 1381 967 1465 congerie
1007 1380 1134 1466 longius
1165 1380 1222 1443 ob·

64 1480 206 1558 tundam,
232 1481 329 1546 finem
357 1483 460 1550 lacere
482 1485 620 1562 institui,
644 1487 670 1549 si
696 1486 728 1549 id
749 1508 805 1550 vos
829 1487 918 1570 prius
941 1506 1120 1559 amonuero
1144 1505 1222 1569 qna·

65 1583 150 1647 tinus
175 1585 264 1651 hunc
280 1609 329 1652 me
354 1611 430 1674 erga
452 1611 507 1654 vos
530 1595 561 1653 et
583 1591 664 1655 scire
688 1598 720 1654 et
743 1610 934 1675 cognoscere
962 1588 1086 1668 velitis,
1111 1589 1166 1673 qni
1190 1589 1221 1652 in

67 1689 137 1772 hiJs,
162 1713 228 1776 que
251 1693 341 1758 vobis
365 1699 466 1779 grata,
491 1716 551 1779 que
573 1698 704 1778 accepta
725 1694 881 1780 utiliaque
904 1716 1093 1779 cognovero,
1122 1692 1222 1758 nichil

69 1817 223 1880 nmquam
247 1797 348 1875 ardui,
372 1799 495 1862 nullum
519 1799 673 1882 periculi,
706 1799 830 1863 nullum
864 1800 984 1864 laboris
1007 1804 1063 1864 aut
1085 1797 1221 1863 difficul-

62 1899 136 1962 tatis
158 1921 264 1983 genns
286 1903 470 1980 recuesabo,
504 1909 602 1988 atque
631 1904 737 1969 valere
769 1925 823 1968 vos
846 1908 922 1989 opto
945 1907 978 1969 et
1000 1904 1097 1969 valeo.
1144 1902 1222 1967 Rev.

62 2005 339 2091 omatissimisqne
372 2008 449 2072 viris
472 2010 501 2072 d.
517 2009 635 2074 decano
655 2014 688 2073 et
710 2010 832 2074 custodi
857 2010 986 2076 maioris
1008 2009 1138 2074 ecclesie
1155 2009 1221 2072 Au·

62 2112 224 2192 guatensis
240 2109 270 2185 ¹,
308 2113 443 2177 dominis
468 2115 546 2178 meis
578 2114 872 2180 observandissimis
895 2115 1107 2180 omnimodam
1130 2115 1220 2178 obse-

63 2217 177 2300 quendi
203 2216 404 2284 voluntatem
429 2241 469 2283 ex
491 2242 550 2298 me,
574 2242 681 2304 queso,
705 2219 800 2286 dicite
823 2223 919 2305 atque
937 2243 986 2284 rue
1002 2221 1081 2305 ipsis
1098 2240 1219 2283 recom-

62 2323 246 2388 mendatum
281 2323 385 2388 facite.
434 2323 476 2388 Et
498 2345 567 2389 cnm
592 2328 717 2388 tantum
740 2325 800 2406 ocij
826 2327 934 2390 datum
966 2326 1077 2402 luerit,
1109 2346 1221 2409 parurn

61 2425 228 2490 literarum
251 2428 289 2491 ad
315 2449 365 2491 me
392 2429 467 2492 dare
489 2428 609 2507 velitis,
633 2429 749 2513 quibus
771 2432 889 2494 certior
912 2430 981 2495 lieri
1005 2430 1133 2514 possim,
1158 2451 1221 2514 quo

62 2537 153 2614 pacto
179 2533 363 2616 principum
381 2533 579 2617 superiorum
598 2532 611 2570 ²
633 2535 847 2599 controversia
862 2540 975 2620 pacata
991 2539 1043 2601 sit.
1090 2534 1220 2618 Raptim

61 2660 97 2702 ex
115 2635 259 2702 Wienna
281 2638 351 2721 ipsa
374 2638 424 2702 die
442 2637 630 2724 Magdolene
653 2661 736 2704 anno
760 2646 818 2704 eto.
838 2639 983 2705 LVlllI⁰.
1030 2639 1220 2704 Valentinus

63 2743 142 2806 Eber
166 2743 363 2808 licentiatus.
417 2742 465 2830 [ln
490 2741 591 2830 verso]
616 2743 828 2810 Ornatissimo
851 2746 1006 2830 doctoque
1038 2747 1107 2811 viro
1137 2745 1220 2810 Her·

62 2868 177 2913 menno
195 2897 203 2912 .
220 2897 227 2912 .
244 2847 363 2912 arcium
396 2852 429 2912 et
461 2849 616 2913 medicine
645 2849 765 2916 doctori
797 2851 970 2934 promerito
995 2852 1140 2934 Anguste
1165 2851 1217 2914 de·

61 2955 148 3036 genti
171 2953 302 3018 domino
324 2953 385 3018 sibi
410 2953 583 3036 plurimum
612 2955 817 3019 observando.

616 3129 676 3202 22.

64 3253 254 3326 Hermann
292 3251 446 3327 Schedel
477 3277 525 3326 an
553 3251 767 3326 Hartmann
796 3253 961 3329 Schedel.
1015 3253 1216 3348 Augsburg

492 3375 587 3450 1459
619 3379 690 3448 oct.
723 3375 783 3449 26.

324 3494 386 3549 olm.
405 3495 457 3550 418
476 3495 495 3548 f.
514 3492 587 3550 2601,
614 3493 757 3549 Abechrilt
776 3493 958 3551 Hartmanns.

67 3599 393 3668 Glficltwunsch
436 3625 511 3666 nur
549 3602 926 3685 magisterwiirde.
995 3603 1075 3667 Rat
1112 3602 1219 3669 nach

66 3705 235 3774 ltalien
268 3732 314 3773 zu
348 3709 497 3794 gehen.
552 3707 815 3773 Nachricht
843 3730 932 3773 vom
958 3709 1062 3774 totle
1085 3708 1221 3772 seines

556 3819 722 3878 vetere.

154 3953 295 4018 Caritate
324 3954 446 4020 sincera
478 3953 651 4038 premissa,
685 3956 800 4036 patrue
831 3953 1064 4018 amantissime!
1102 3953 1219 4037 Accepi

69 4061 283 4145 superioribus
307 4061 417 4127 diebus
441 4059 597 4126 relacione
628 4058 825 4144 quorundam
841 4058 1038 4124 studencium
1059 4055 1217 4146 Llipaien-

630 4166 648 4200 Ι·

68 4233 106 4287 cie
135 4237 163 4288 et
185 4233 333 4305 presertim
361 4233 510 4298 medicine;
541 4231 598 4287 und
627 4231 718 4287 cullen
745 4231 797 4286 ant
818 4231 881 4288 dem
912 4233 1017 4287 letaten
1045 4231 1139 4286 blatt:
1167 4231 1221 4287 Pro

71 4321 223 4393 mlagirtro]
241 4321 403 4378 Hermanno
422 4322 528 4377 arcium
547 4322 576 4376 et
595 4319 730 4376 medicine
748 4319 856 4377 doctori
874 4321 925 4376 etc
945 4319 974 4372 in
995 4321 1133 4390 Augusta.

139 4413 149 4464 l
171 4409 316 4467 Leonhsrd
336 4409 431 4466 Geeael
452 4408 510 4464 und
528 4409 672 4465 lohannes
689 4407 813 4464 llantrch
833 4427 856 4462 a.
870 4425 893 4464 o.
914 4425 955 4462 nr.
977 4409 1016 4464 16.
1071 4408 1088 4462 2
1108 4407 1219 4464 Bezieht

71 4495 123 4550 rich
152 4498 204 4554 aul
229 4499 283 4554 deu
308 4500 360 4568 teg
388 4515 422 4551 un
441 4495 610 4567 1111111113,
639 4495 688 4552 der
715 4496 803 4552 durch
830 4495 1219 4551 (11111111111111111111111

72 4587 178 4653 *pruche
198 4587 332 4658 geendigt
351 4585 454 4651 wurde,
473 4605 493 4642 a.
515 4585 688 4650 Klnclrhohn,
710 4586 825 4655 Ludwig
843 4585 892 4640 der
911 4582 1014 4639 Reiche
1034 4583 1131 4639 10411.
