2990 5068
775 419 838 486 150

228 599 292 662 tale
315 619 522 681 responsum,
551 595 633 680 quod
657 595 722 661 scio
745 601 777 660 te
801 617 898 660 curvo
928 597 1021 661 oculo
1045 602 1076 660 et
1100 594 1187 660 elato
1209 597 1389 679 supercilio

227 704 422 769 auditurum.
468 699 561 766 Unde
584 701 712 766 intuens
735 721 796 785 ego
818 702 901 766 atria
924 703 1108 786 principum
1137 707 1169 766 et
1192 700 1390 766 consistoria

226 809 390 895 presulum
422 807 487 872 vidi
510 807 604 886 viros,
629 827 708 891 quos
731 806 857 871 inflavit
879 805 974 871 huius
997 807 1107 872 mnndi
1130 807 1303 891 sapiencia,
1327 827 1387 872 ca-

228 937 346 980 nonum
369 919 402 979 et
430 912 539 996 legum
563 917 694 977 ventosa
718 911 910 997 loquacitas,
944 912 1020 992 vidi,
1044 933 1123 998 quos
1146 913 1295 996 agitabat
1315 913 1390 996 spi·
1486 999 1487 1004 ἵ

227 1024 309 1087 ritus
326 1021 422 1086 huius
439 1019 559 1098 mundi,
582 1019 715 1104 spiritus
738 1019 906 1105 vertiginis
930 1026 962 1084 et
986 1019 1112 1097 erroris,
1135 1016 1211 1096 vidi,
1233 1040 1314 1103 quos
1331 1039 1391 1082 os·
1486 1007 1487 1028 ¹

227 1128 335 1194 culata
368 1127 430 1191 luit
463 1126 592 1190 domina
624 1124 779 1203 ambicio,
809 1147 871 1209 que
898 1125 936 1189 ad
971 1145 1163 1210 magnarum
1193 1122 1390 1189 diviciarum

229 1231 614 1318 multiplicitatemque(!)
627 1232 849 1296 beneficiorum
863 1231 1107 1316 acquisitionem
1121 1229 1285 1294 excitabat
1297 1251 1389 1292 sem·

229 1361 286 1424 per
309 1338 413 1422 aperit
436 1339 552 1423 hyatus
567 1337 749 1422 ampliores.
787 1336 873 1417 Vidi,
898 1337 1038 1422 inquam,
1063 1336 1159 1416 viros,
1183 1333 1277 1420 [quil,
1301 1356 1390 1419 quo·

228 1421 450 1528 cienscumque
474 1443 512 1508 ad
536 1463 589 1508 cos
613 1443 651 1506 lit
670 1443 842 1528 ingressus,
867 1463 929 1507 non
958 1441 1072 1506 faciem
1094 1439 1148 1504 sed
1172 1462 1303 1504 manum
1325 1441 1388 1504 ad-

228 1549 389 1613 ventantis
412 1549 594 1627 attendunt,
619 1548 708 1632 qnasi
732 1567 857 1630 sempor
879 1567 1012 1610 munera
1034 1546 1204 1629 recepturi,
1228 1545 1308 1609 aliae
1331 1546 1388 1610 iu·
1487 1528 1488 1552 ¹

229 1653 351 1719 stitiam
376 1653 507 1716 minime
522 1651 749 1718 ministraturi.
794 1649 968 1716 (torneham
989 1652 1125 1735 denique
1141 1651 1387 1716 multitudinem

230 1779 389 1843 magnam,
413 1780 509 1843 qoam
532 1777 625 1822 nemo
647 1777 815 1822 numerare
838 1762 981 1840 poterat,
1005 1757 1061 1842 qui
1084 1776 1193 1820 omnes
1216 1777 1235 1820 a
1257 1757 1389 1821 minore

228 1885 327 1950 usque
356 1863 395 1928 ad
430 1863 580 1928 maiorem
613 1863 749 1927 avaricie
771 1863 901 1928 student
933 1868 965 1927 et
995 1862 1196 1947 apropheta
1218 1883 1319 1947 usqne
1346 1863 1388 1928 ad

228 1970 435 2036 sacerdotem
454 1971 561 2034 cuncti
594 1968 701 2033 dolum
734 1967 870 2049 faciunt,
902 1973 939 2034 ut
961 1973 1034 2033 utar
1057 1968 1162 2034 verbis
1186 1965 1326 2032 Jeremie
1353 1974 1391 2034 et

229 2075 382 2140 Zacharia
406 2073 637 2158 prophetarum
653 2072 675 2139 ¹.
723 2073 989 2138 Animadvertens
1012 2093 1072 2156 ego
1089 2072 1148 2136 hec
1170 2078 1203 2138 et
1225 2076 1391 2157 quomodo
1488 2084 1489 2142 l

229 2179 408 2266 qualiterve
430 2180 557 2245 odiosus
579 2180 623 2243 sit
646 2179 766 2243 mundo
798 2179 913 2244 titulus
936 2179 1153 2263 paupertatis,
1186 2201 1389 2264 quamquam

228 2286 312 2370 apud
336 2287 429 2350 deum
453 2285 496 2349 sit
520 2284 691 2370 gloriosus,
716 2285 792 2370 quia
815 2284 860 2368 hij
884 2305 993 2349 omnes
1021 2284 1170 2350 honorati
1199 2286 1308 2370 eisque
1332 2287 1388 2350 di-

227 2391 308 2456 vicie
331 2412 452 2455 onnexc
469 2391 568 2470 fuere,
585 2390 740 2454 desiderio
756 2391 972 2456 desiderabam
989 2413 1056 2456 esse
1079 2391 1112 2456 in
1130 2391 1241 2456 aulicis
1257 2391 1388 2456 tumul·

228 2497 315 2560 tibus
339 2499 372 2559 et
394 2499 508 2580 potare
529 2517 645 2580 aquam
661 2497 699 2560 de
716 2499 811 2579 puteo
827 2493 978 2574 Samaria,
1002 2518 1064 2581 que
1085 2495 1158 2580 plus
1182 2501 1291 2579 potate
1306 2495 1389 2580 plus

229 2600 404 2666 accendunt
426 2599 562 2682 avaricie
585 2599 673 2664 sitim
697 2603 729 2664 et
751 2621 912 2684 nunquam
939 2601 1065 2665 saciant
1093 2599 1230 2666 humane
1264 2623 1388 2668 concu-
1489 2617 1490 2630 ¹

228 2707 385 2790 piscencie
408 2706 551 2790 hyatnm,
576 2711 608 2770 et
631 2706 706 2790 quia
729 2705 858 2790 nequivi
881 2725 948 2770 esse
970 2705 1092 2771 aulicus
1115 2709 1265 2790 acceptus
1288 2708 1387 2772 iuxta

229 2811 382 2895 temporis
406 2812 595 2897 qualitatem
619 2811 687 2874 sine
712 2811 813 2874 multa
836 2810 1006 2875 dolositate
1037 2817 1069 2875 et
1090 2810 1223 2894 vulpina
1248 2813 1387 2892 astucia,

229 2917 299 2981 ideo
323 2917 505 2981 intencione
529 2920 683 3000 corrupta
706 2915 852 3000 elongavi
878 2936 927 2979 me
949 2936 968 2980 a
991 2915 1076 2980 linea
1098 2916 1178 2982 recti
1202 2917 1327 2981 itineris
1354 2923 1391 2982 et

226 3045 278 3087 me
300 3021 476 3102 transtuli,
507 3026 545 3086 ut
569 3021 778 3104 premittitur.
828 3021 868 3084 ldt
891 3020 970 3085 inibi
1003 3021 1102 3086 eciam
1135 3023 1221 3086 inter
1243 3022 1309 3086 alia
1330 3045 1387 3086 ar·

229 3128 357 3192 dencius
379 3127 454 3212 legi,
482 3128 565 3212 quod
590 3127 675 3192 facta
697 3131 746 3191 est
768 3126 934 3192 contencio
958 3127 1042 3192 inter
1060 3127 1232 3211 discipulos
1248 3126 1386 3206 Christi,

229 3233 300 3318 quis
323 3255 430 3297 eorum
456 3232 617 3297 videretur
641 3253 707 3298 esse
729 3233 831 3298 maior
847 3233 995 3318 quodque
1011 3233 1228 3298 multitudinis
1252 3234 1386 3298 creden·

228 3339 311 3404 cium
328 3342 395 3402 erat
411 3359 465 3402 cor
482 3359 580 3402 unum
597 3338 747 3404 stenima
764 3360 827 3402 una
840 3335 862 3402 ¹.
911 3337 1078 3423 Multoque
1093 3338 1235 3403 tenacius
1252 3339 1386 3420 retinui,

228 3443 311 3527 qnod
345 3441 430 3507 lacta
464 3448 512 3507 est
542 3442 694 3508 dissensio
728 3444 813 3508 inter
838 3442 1017 3508 Barnabam
1041 3449 1074 3507 et
1097 3442 1251 3522 Paulum,
1276 3443 1323 3507 ite
1349 3450 1387 3509 ut

227 3548 425 3613 discederent
460 3548 647 3627 abinvicem,
683 3549 829 3633 quodque
853 3548 934 3613 idem
965 3547 1081 3612 Paulus
1113 3549 1177 3613 ait:
1219 3548 1320 3615 ›Cum
1345 3553 1390 3614 sit

227 3656 311 3717 inter
334 3673 388 3718 vos
411 3652 496 3717 zelos
519 3659 552 3718 et
574 3654 750 3733 contencio,
775 3675 879 3719 nonne
908 3655 1051 3720 carnales
1074 3657 1163 3732 estis,
1186 3675 1295 3719 nonne
1321 3653 1382 3720 ho·

230 3759 331 3823 mines
347 3757 495 3824 estis?«³
530 3757 744 3845 Frequencius
761 3761 901 3839 recitavi,
924 3761 1007 3844 quod
1025 3760 1110 3824 facta
1131 3762 1180 3824 est
1202 3759 1273 3824 rixa
1296 3761 1387 3826 inter

228 3869 372 3948 pastores
395 3885 530 3949 gregum
560 3865 723 3928 Abraham
747 3871 780 3929 et
805 3863 907 3944 Loth,
939 3866 1086 3950 quodque
1109 3865 1190 3929 idem
1220 3865 1387 3931 Abraham

228 3971 429 4054 recuperavit
459 3969 491 4034 in
524 3969 624 4053 prelio
653 3969 733 4034 Loth
766 3976 799 4034 ct
826 3971 1041 4036 substanciam
1072 3971 1149 4034 eius.
1206 3968 1254 4034 lbi
1294 3970 1387 4038 deni·

228 4097 289 4160 que
314 4081 346 4140 et
368 4077 400 4139 in
425 4077 542 4141 mundo
575 4076 688 4155 didici,
724 4077 807 4161 quod
832 4077 887 4161 qui
919 4076 991 4142 vult
1013 4097 1125 4161 capere
1150 4096 1258 4154 avem,
1292 4077 1389 4142 debet

227 4185 335 4264 tegere
369 4181 481 4258 rethe,
520 4182 603 4266 quod
637 4183 663 4246 si
699 4184 770 4267 quis
803 4183 872 4246 vult
917 4192 1054 4246 mactare
1080 4181 1251 4260 thaurum,
1288 4205 1386 4267 quem

227 4307 289 4351 non
319 4292 425 4371 potest
453 4287 574 4352 viribus
605 4289 797 4373 subiugare,
830 4288 926 4353 fricat
958 4288 1105 4354 manibus
1133 4287 1199 4352 eius
1230 4287 1387 4356 frontem.

301 4517 313 4568 l
335 4513 471 4568 ieremias
489 4515 513 4578 6,
536 4515 577 4568 13.
648 4515 665 4568 2
687 4517 747 4570 Act.
766 4459 852 4578 l‚*32.
925 4515 983 4568 31.
1005 4511 1131 4570 Corinth.
1151 4515 1176 4578 3,
1196 4519 1220 4571 3.
