2990 5068
658 426 721 492 149

111 603 208 666 nuria
230 603 339 666 videar
378 601 539 667 declinare
570 607 730 668 certamen
767 607 800 666 et
825 625 863 669 ne
887 605 963 668 fides
986 603 1112 668 ledatur
1132 625 1195 669 nou
1219 602 1267 666 iu-

110 706 333 790 telligcucium
357 707 556 790 propositum
581 729 686 772 meum
709 707 743 772 in
771 707 917 791 epistolis
941 709 1148 793 prenarratis.

204 810 255 877 Ad
278 811 416 895 primam
440 808 698 898 insectira[ru]m
722 817 864 896 partem:
900 812 983 878 Dum
1008 812 1094 878 texui
1126 811 1268 878 elencum

110 920 168 980 aut
191 915 397 1000 paralencum
433 916 465 980 in
496 916 590 981 scolis
623 921 655 981 et
687 915 857 982 scolastico
884 918 1075 996 certamine,
1112 938 1266 1000 nusquam

109 1043 224 1105 passus
248 1041 318 1086 sum
342 1022 448 1106 girum
473 1021 680 1086 luminarium
697 1026 753 1086 aut
778 1022 900 1088 cerebri
915 1022 1120 1107 vertiginem,
1144 1026 1181 1086 ut
1203 1021 1268 1086 tuis

111 1131 186 1190 utar
209 1126 325 1205 verbis,
350 1146 407 1190 neo
422 1126 591 1192 fantastice
607 1126 707 1192 nichil
725 1149 763 1192 ex
779 1127 899 1193 nichilo
916 1127 1065 1194 conclusi.
1109 1125 1268 1212 Quinymo

111 1230 273 1316 reliquum
298 1233 424 1314 tempus
450 1231 689 1298 racionabiliter
712 1233 746 1296 in
771 1232 983 1314 naturalibus,
1007 1232 1121 1298 ethicis
1146 1237 1179 1296 et
1201 1252 1266 1296 me·

110 1335 382 1420 thaphisicslibus
397 1336 577 1422 disciplinis
599 1339 792 1422 consumpsi,
815 1344 847 1403 et
871 1337 1022 1424 quicquid
1036 1338 1070 1402 in
1087 1337 1138 1402 his
1154 1336 1268 1402 habuit

111 1443 198 1506 racio
230 1443 281 1506 val
313 1441 487 1522 industria,
520 1442 610 1528 avide
641 1441 732 1508 hausi
767 1447 799 1508 et
822 1447 934 1528 postca
963 1443 1107 1508 indoctos
1129 1431 1267 1508 docendo

109 1547 260 1612 habunde
292 1547 410 1626 effudi,
443 1552 475 1613 et
506 1547 606 1613 ferme
628 1547 774 1614 undecim
803 1549 895 1614 anuis
928 1550 1039 1614 bursas
1064 1546 1268 1614 landabiliter

108 1653 190 1733 rexi,
212 1657 251 1718 ut
276 1660 311 1719 tu
337 1652 433 1732 nosti,
456 1653 532 1740 quia
555 1653 692 1718 bursalis
709 1653 800 1719 fuisti
818 1652 837 1720 ¹.
884 1653 925 1719 Et
940 1654 1016 1720 licet
1035 1654 1150 1719 titulus
1168 1652 1266 1719 multe

108 1759 309 1842 paupertatis
343 1781 402 1844 pro
425 1764 502 1825 tunc
525 1781 575 1824 me
598 1761 767 1844 presserit,
796 1765 903 1825 tamen
938 1760 1020 1825 idem
1044 1781 1094 1824 me
1117 1758 1155 1823 ad
1178 1759 1266 1823 diur-

109 1885 188 1928 num
211 1871 310 1948 atque
334 1870 524 1930 nocturnum
556 1865 698 1930 laborem
733 1865 900 1950 compulit,
934 1865 1045 1952 quold)
1078 1865 1205 1930 tandem
1228 1865 1267 1928 de

107 1971 212 2055 spinis
238 1992 335 2051 rosas,
357 1972 396 2036 de
420 1979 505 2038 terra
527 1993 639 2038 aurum
664 1979 696 2038 et
718 1975 757 2038 dc
779 1972 901 2038 concha
922 1972 1116 2056 margaritas
1138 1969 1266 2056 collegi,

108 2099 167 2141 nec
182 2097 233 2142 me
248 2077 350 2162 quieti
365 2077 447 2156 dedi,
470 2077 524 2142 ssd
547 2077 641 2143 istam
658 2076 830 2162 gloriosam
848 2077 1017 2154 dominam,
1042 2074 1265 2140 iuriscauonioi

107 2181 277 2248 scientiam
299 2184 406 2266 regnis
430 2189 462 2248 et
483 2183 611 2248 sedibus
639 2203 817 2267 preponens
842 2183 1007 2268 ipsamque
1029 2201 1127 2265 super
1151 2201 1265 2244 aurum

108 2291 141 2352 et
164 2309 291 2352 omnem
315 2288 586 2371 pulchritudinem
612 2287 794 2372 praeligare
826 2293 922 2373 atque
955 2288 1083 2352 studere
1106 2289 1264 2371 satagens,

107 2393 147 2457 ad
182 2391 291 2458 Ytelie
314 2399 420 2478 partes
444 2415 494 2458 me
523 2393 675 2459 transtuli
711 2414 769 2477 pro
793 2393 921 2474 eadem,
955 2389 1159 2476 »acquirendi
1183 2390 1263 2455 lucri

109 2503 219 2562 tamen
244 2520 369 2577 causa«,
394 2501 430 2564 ut
454 2503 509 2564 tua
532 2497 709 2564 vociferant
729 2498 836 2565 rerba.
872 2496 1050 2579 Subneotis,
1073 2495 1266 2576 Hermanno,

108 2604 237 2668 diceus:
263 2603 384 2668 »Miror
405 2608 524 2683 tameo,
547 2603 628 2668 unde
651 2607 743 2668 tenta
766 2603 825 2668 tibi
851 2603 1014 2667 temeritas
1042 2601 1204 2677 evenerit,
1228 2604 1265 2666 ut

109 2715 198 2774 tuam
215 2709 318 2792 ipsam
335 2707 538 2788 facultatem,
555 2709 586 2774 in
604 2731 668 2793 qua
683 2714 716 2774 te
731 2707 909 2792 professum
925 2707 1000 2788 scio,
1022 2705 1152 2789 iniurijs
1166 2705 1265 2770 tantis

109 2814 283 2879 conviciari
307 2814 433 2894 audeas,
456 2815 510 2879 cui
535 2814 623 2899 loqui
639 2813 666 2878 si
682 2813 823 2893 daretur,
845 2833 902 2878 sua
920 2811 1105 2878 defensione
1121 2810 1263 2893 calump-

111 2921 269 2984 niatorem
301 2919 350 2985 sui
381 2924 415 2984 te
437 2924 607 3005 argueret,
641 2925 673 2984 et
707 2941 771 2985 nou
795 2919 967 2999 immerito,
988 2940 1060 2984 cum
1083 2921 1116 2982 te
1138 2939 1157 2981 a
1180 2920 1266 2980 tarra

108 3047 167 3090 sua
199 3025 359 3109 dignitate
396 3025 567 3106 extulerit,
604 3025 846 3110 ingratitudinis
878 3025 959 3091 vicio
987 3023 1102 3090 merito
1132 3023 1173 3087 ab
1196 3022 1266 3105 ipsa

111 3130 355 3215 inculparerisr.
395 3129 579 3196 Hermanne
595 3129 738 3210 Schedel,
761 3129 828 3195 alto
849 3131 944 3195 deute
954 3153 1005 3196 me
1027 3128 1149 3214 petisti,
1171 3127 1263 3193 vicis·

109 3237 170 3300 mm
192 3257 257 3301 non
281 3236 402 3302 extollo
424 3257 563 3314 cornua,
598 3237 673 3302 licet
694 3258 776 3321 aque
799 3234 904 3322 gelide
921 3232 1147 3318 ceciderunt(!)
1169 3253 1265 3316 super

108 3341 229 3409 calcem
264 3343 367 3407 risam
402 3347 435 3408 et
468 3343 573 3409 hctus
594 3343 639 3407 sit
660 3347 745 3408 terre
768 3344 873 3408 motus
903 3361 1057 3426 magnus,
1092 3344 1125 3403 et
1147 3337 1209 3403 nisi
1231 3336 1263 3400 in

103 3446 203 3513 scolis
225 3446 360 3530 perlecti
385 3450 544 3534 magistri,
575 3451 630 3534 qui
653 3471 723 3516 cum
740 3447 995 3527 malediceretur,
1018 3468 1079 3512 non
1096 3444 1264 3512 maledice·

108 3555 165 3618 bat
181 3557 215 3617 ct
230 3558 487 3636 compateretur,
506 3575 567 3620 non
583 3555 849 3635 comminabatur,
865 3553 1060 3639 pacienciam
1077 3551 1263 3630 didicissem,

108 3661 326 3744 temperancie
351 3661 476 3727 frenum
503 3661 540 3747 [f.
565 3660 644 3750 271]
669 3663 702 3726 in
726 3661 822 3727 rerba
844 3657 1036 3726 contumelia
1064 3657 1263 3722 relaxassem.

110 3765 276 3830 Erubesce
299 3769 417 3847 mman,
441 3767 499 3832 hec
523 3771 579 3832 tua
600 3767 721 3850 scripta
748 3765 850 3831 doctis
873 3764 1055 3830 hominibus
1078 3762 1264 3829 innotuisse.

109 3869 205 3948 Puto,
230 3871 314 3955 quod
332 3872 453 3937 axillis
469 3873 523 3952 sis,
547 3872 604 3956 qui
621 3871 784 3937 dixerunt:
812 3868 989 3955 »Linguam
1009 3873 1149 3934 nostram
1174 3887 1263 3951 mag·

110 3976 324 4056 nificabimus,
350 3977 435 4044 labia
452 3982 561 4043 nostra
577 4000 596 4042 a
618 3977 709 4042 nobis
724 3981 810 4054 sunt,
833 3976 905 4061 quis
921 3977 1029 4040 noster
1045 3973 1121 4038 deus
1144 3968 1263 4036 aaa*

110 4080 162 4147 Ne
185 4081 287 4166 igitur
311 4087 415 4166 putas,
439 4105 489 4148 me
513 4085 716 4168 responsione
731 4103 877 4162 vacuum,
901 4078 1090 4166 loquacitati
1115 4081 1169 4142 tua
1184 4075 1265 4142 dabo

678 4233 698 4270 ξ

181 4327 194 4382 1
216 4325 281 4398 Vgl.
307 4325 376 4382 dbcr
400 4324 455 4382 den
474 4325 619 4396 Leipziger
647 4325 924 4381 stodicuaufenthslt
943 4323 1101 4380 Hermanno
1127 4323 1172 4380 die
1198 4323 1265 4380 Vita

107 4417 156 4472 dee
178 4414 310 4471 Heinrich
330 4414 429 4472 chnsr
447 4415 519 4472 oben
538 4431 560 4469 s.
587 4415 637 4471 llo
656 4431 731 4470 anm.
751 4413 808 4469 und
829 4413 883 4468 den
902 4411 973 4468 briel
992 4411 1087 4478 nati,
1107 4410 1155 4468 der
1167 4411 1265 4482 eigana

109 4503 296 4573 arabeum
315 4505 418 4559 serrtt.
491 4503 508 4557 2
525 4499 622 4556 Psalm
642 4501 726 4570 11‚r.
