3002 5062
141 1381 363 1518 Anhang
400 1383 730 1498 verwandter
767 1381 1131 1520 eruthlungen.

537 1663 554 1730 I
576 1678 619 1736 (m
644 1687 686 1726 ur.
708 1671 744 1740 l).

411 1833 553 1907 Rustici
584 1839 717 1907 emunt
744 1833 868 1908 felem.

56 2015 95 2084 (J.
108 2013 322 2080 Hulsbusoh‚
339 2013 426 2084 Sylva
437 2031 595 2071 sermonum
605 2015 876 2071 iucundissimarum.
897 2015 1023 2071 Basileus
1032 2015 1107 2082 1568,
1118 2033 1138 2070 s.
1148 2017 1218 2087 188.)

154 2164 333 2232 circulator
367 2167 494 2250 quidam
530 2169 705 2251 vagabatur
727 2189 784 2250 per
816 2187 931 2250 pagos,
960 2167 1011 2234 cui
1038 2168 1245 2252 significatas

59 2272 127 2337 fuit
150 2272 340 2356 simplicitas
370 2273 561 2337 rusticorum
585 2273 616 2337 iu
641 2272 861 2337 Chauszloseu.
899 2271 994 2356 Capit
1015 2293 1093 2356 ergo
1114 2273 1218 2354 felem,

61 2401 160 2463 quem
185 2377 333 2462 gestabat
356 2379 578 2443 circumeundo
601 2400 696 2462 super
715 2379 876 2443 brachium
900 2399 1001 2442 suum.
1048 2377 1145 2444 Videt
1160 2379 1220 2445 hoc

62 2485 222 2562 rusticus,
245 2483 377 2548 festinat
398 2484 578 2568 significare
601 2484 707 2548 vicino
729 2505 803 2561 suo,
831 2505 929 2548 unum
953 2487 1078 2567 gestare
1101 2484 1220 2548 animal

60 2610 182 2667 rarum,
207 2587 284 2653 dicit
306 2611 340 2652 se
365 2588 485 2665 mirari,
510 2589 584 2672 quid
609 2589 661 2652 sit.
708 2587 919 2666 Conveniunt,
943 2594 980 2651 ut
1003 2594 1160 2672 quaerant
1178 2591 1219 2653 ab

59 2716 110 2771 eo,
135 2694 211 2779 quid
234 2695 381 2758 animalis
403 2699 517 2779 gestet.
563 2692 785 2772 ‘Voratorem’‚
808 2694 924 2778 iuquit,
949 2693 1116 2758 ‘murium'.
1152 2695 1217 2759 Au·
1235 2723 1258 2759 u

59 2801 189 2864 dientes
212 2800 272 2864 hoc
288 2799 398 2864 rustici
416 2799 526 2863 laetati
550 2805 636 2876 sunt,
661 2799 778 2881 partim
797 2800 872 2882 quia
893 2819 1055 2882 uunquam
1072 2799 1220 2866 viderunt

60 2926 193 2988 parem,
227 2905 345 2989 partim
370 2905 447 2988 quia
470 2904 605 2970 maxime
630 2904 865 2968 infestabantur
895 2927 914 2967 a
938 2904 1081 2968 muribus
1104 2925 1218 2970 consu·

61 3011 226 3074 mentibus
249 3031 353 3075 eorem
377 3032 477 3095 grana
500 3009 602 3074 nuruis
618 3010 752 3094 generis.
800 3007 965 3084 Quaerunt
980 3011 1092 3075 rustici
1115 3032 1134 3074 a
1156 3011 1218 3075 cir-

60 3114 216 3191 culatores,
241 3137 316 3180 uum
339 3114 509 3179 vendibilis
535 3115 577 3178 ait
601 3114 679 3178 felis.
728 3115 904 3198 Respondit
927 3136 1002 3179 esse.
1043 3113 1218 3196 Quaerunt,

62 3221 188 3304 quanti.
224 3219 399 3298 ‘Ducentia
424 3221 540 3304 inquit,
564 3219 721 3284 ‘florenis‘.
757 3219 950 3305 Significant
971 3220 1083 3285 hiduo
1107 3222 1216 3286 rustici
1234 3250 1257 3286 u

62 3325 143 3389 haec
167 3327 314 3390 universo
337 3325 459 3402 coetui3
492 3327 547 3408 qui
580 3345 687 3390 omues
711 3325 872 3390 laetantur
902 3330 1052 3410 putantes
1080 3348 1114 3391 se
1138 3327 1217 3391 libe-

61 3435 149 3494 ratos
173 3431 213 3494 iri
237 3453 256 3496 a
279 3431 431 3496 muribus.
479 3430 686 3494 Paciscuntur
709 3453 780 3495 cum
805 3432 995 3496 circulatore
1019 3436 1050 3496 et
1073 3453 1111 3495 ex
1134 3453 1218 3496 com·

63 3536 152 3598 muui
176 3537 325 3622 vectigali
348 3536 548 3602 constituunt
569 3537 596 3600 ei
621 3544 750 3602 contum
766 3536 912 3602 florenos.
959 3535 1053 3621 Capit
1078 3538 1135 3601 hos
1155 3537 1218 3601 cir·

62 3639 189 3706 culator
212 3647 244 3706 et
266 3641 334 3706 abit
357 3641 467 3706 laetus.

156 3744 334 3811 Dimittunt
355 3747 448 3811 felem
474 3747 608 3812 liberum
633 3748 664 3810 in
683 3747 891 3832 hypocausto,
916 3749 1036 3812 arridet
1058 3748 1216 3813 omnibns.
1232 3773 1257 3811 au

66 3849 156 3915 Unus
180 3853 293 3916 ceteris
316 3853 504 3936 prudentior
520 3854 648 3937 inquit:
672 3853 750 3931 ‘niu
774 3853 866 3917 obliti
883 3873 991 3916 sumus
1008 3874 1131 3937 rogare,
1156 3874 1218 3936 quo

67 3955 213 4022 victitet!
259 3957 396 4022 Mittunt
419 3979 495 4040 ergo
519 3959 580 4021 duo
604 3961 677 4042 post
699 3957 920 4022 circulatorem
946 3963 1103 4041 rogatum,
1128 3953 1218 4042 [189]

66 4062 142 4146 quid
173 4063 327 4128 comedat.
383 4064 611 4147 ‘Quodcunque
643 4063 793 4128 dederitis
823 4063 871 4142 ei,
906 4063 1021 4148 inquit.
1079 4063 1217 4126 Attoniti

66 4168 114 4231 illi
150 4169 309 4250 putabant
342 4189 409 4232 earu
445 4169 608 4234 comedere
642 4168 784 4234 homines
818 4189 854 4232 ac
889 4167 1022 4240 bestias;
1064 4166 1219 4230 festinant

66 4295 102 4338 ac
130 4273 241 4338 dicunt
269 4273 359 4350 aliis,
394 4275 449 4358 qui
472 4274 623 4338 similiter
651 4280 728 4338 suut
751 4273 882 4337 attoniti
916 4294 953 4338 ac
980 4272 1105 4336 dicunt:
1140 4270 1258 4352 ‘Eleusi

67 4380 143 4464 quid
187 4381 326 4463 egimus!
384 4377 515 4445 Utinam
556 4378 684 4444 liberati
725 4399 863 4443 essemus
901 4379 940 4443 ab
978 4381 1030 4442 ea!
1076 4376 1122 4440 lle
1162 4397 1217 4460 pe·

68 4485 179 4550 cuniae
204 4484 369 4568 dispendio
395 4507 457 4549 uon
482 4486 559 4550 adeo
585 4483 795 4568 angeremur!
840 4482 977 4547 Mittunt
1007 4483 1068 4546 duo
1103 4503 1140 4545 ex
1174 4481 1218 4544 eis

109 4607 252 4651 Sohumsnn.
968 4587 1009 4652 23
