3002 5070
650 391 689 456 ol

638 593 698 666 25.

91 749 259 824 Thomas
289 751 548 848 [Oedenhofer]
577 775 626 826 an
641 751 810 824 Andreas
838 751 1079 846 Kaufringer.
1133 754 1251 850 Auga-

463 875 558 968 burg
582 874 677 947 1459
703 874 779 946 dez.
797 872 845 945 30
862 867 883 946 ¹.

438 1045 501 1102 clm.
520 1045 608 1102 22403
629 1047 646 1100 f.
667 1047 724 1102 157.
764 1046 914 1102 Abscbrift.

91 1171 394 1236 Gratulatiou
418 1195 492 1237 aur
525 1172 796 1256 erwcrbung
829 1173 896 1237 des
919 1173 1253 1240 baccalaureats.

93 1274 302 1340 Danletir
325 1276 1049 1360 [lberscndungvoncautilenae
1072 1283 1252 1344 notatae.

341 1379 509 1446 Grttssc
532 1403 581 1446 an
607 1379 792 1445 Wiener
814 1379 1006 1447 frcunde.

185 1523 318 1588 Amoris
341 1523 530 1606 integritate
553 1544 622 1586 cum
641 1520 858 1586 benivolencia
873 1524 1098 1605 preporrectis.
1137 1523 1253 1600 Quem·

89 1628 265 1692 admodum
289 1629 442 1711 gaudium
459 1633 507 1692 est
522 1627 646 1711 angelis
668 1647 764 1710 super
779 1647 843 1692 uno
860 1633 1024 1710 peccatore
1040 1629 1253 1712 penitenciam

90 1739 223 1817 agente,
258 1735 305 1799 ita
338 1735 416 1799 mihi
440 1733 638 1819 gaudendum
665 1740 754 1810 eret,
787 1754 858 1798 cum
882 1754 945 1798 non
974 1733 1064 1797 modo
1089 1737 1120 1798 te
1142 1733 1253 1800 bacca·

94 1839 249 1904 lariatum
273 1841 438 1924 accepisse,
461 1863 536 1925 ymo
559 1840 665 1904 verius
688 1862 725 1902 ex
742 1840 877 1904 mortuis
894 1840 1104 1906 resurrexisse
1127 1841 1256 1924 scriptis

94 1947 161 2009 tuis
187 1945 413 2030 intelligerem.
471 1944 620 2010 Parentes
651 1945 734 2010 enim
770 1943 819 2008 tui
842 1943 961 2028 aliique
983 1945 1076 2010 amici
1101 1949 1134 2010 et
1156 1947 1254 2011 amice

90 2055 122 2112 te
147 2050 349 2133 ergastulum
385 2051 489 2116 carnis
522 2051 655 2116 exivisse
689 2049 899 2115 autumabant
931 2072 1031 2134 exque
1063 2057 1189 2116 tuarum
1213 2052 1254 2117 li-

95 2161 240 2219 terarum
276 2155 397 2221 visione
431 2157 519 2221 brevi
554 2163 697 2240 tempore
727 2154 977 2222 frustrabantur.
1029 2157 1075 2222 At
1098 2179 1172 2222 vero
1195 2179 1254 2242 ego

92 2283 224 2348 semper
246 2263 369 2328 cosdem
393 2261 622 2328 consulacionis
646 2261 785 2326 remedio
802 2261 989 2340 reddebam,
1013 2261 1144 2328 dicendo
1167 2263 1254 2347 ipsis,

92 2368 178 2449 qnod
204 2372 332 2449 tempus
355 2366 440 2432 aliud
464 2388 560 2451 quam
576 2367 686 2432 literas
708 2367 925 2450 perscribendi
941 2375 1033 2448 esset,
1057 2389 1129 2434 cum
1147 2374 1179 2433 te
1194 2371 1255 2434 hoc

74 2479 239 2557 ¹tempore
262 2473 416 2552 examini,
439 2472 700 2538 determinacioni
724 2471 859 2556 alijsque
890 2473 1014 2537 actibus
1044 2473 1083 2537 ad
1110 2478 1142 2538 te
1163 2495 1253 2558 spec-

94 2578 245 2642 tantibus
269 2578 432 2642 intendere
461 2599 585 2644 necesse
608 2577 779 2642 videretur.
827 2575 1012 2643 Noluerunt
1041 2584 1147 2644 autem
1178 2601 1253 2646 con·

92 2683 203 2762 solari,
229 2683 305 2768 quia
328 2705 421 2749 nemo
445 2689 523 2760 erat,
548 2683 602 2767 qni
626 2705 710 2762 vera¹
734 2685 771 2747 ut
794 2683 887 2747 litere
910 2688 974 2762 tue,
996 2685 1187 2749 nunciasset.
1210 2720 1254 2731 -

94 2787 261 2868 Preterea,
287 2789 436 2874 quasdam
469 2789 547 2853 mihi
571 2789 753 2854 cantalenas
763 2790 809 2872 (l),
834 2789 898 2852 alio
921 2789 1055 2854 tortasse
1077 2795 1110 2855 te
1132 2791 1170 2855 ad
1195 2790 1255 2855 boc

92 2893 225 2959 homine
249 2894 434 2978 instigante,
459 2898 588 2959 notatas
611 2895 829 2974 transmisisti,
854 2895 1024 2978 dequibus
1048 2895 1110 2960 tibi
1134 2897 1254 2979 gratias

93 2999 200 3066 refero
224 3005 258 3064 et
280 3000 407 3083 quidem
424 2999 588 3078 maximas,
620 3003 651 3063 et
673 3001 699 3064 si
724 3023 787 3085 qua
809 2991 934 3066 noviter
957 2998 1103 3065 confecta
1124 3001 1254 3077 fuerint,

93 3106 239 3189 aliquam
269 3111 417 3170 notarum
450 3109 482 3170 et
506 3111 653 3171 textuum
681 3106 875 3190 eleganciam
904 3105 1068 3184 habenda,
1100 3107 1198 3170 eciam
1223 3113 1254 3171 te

95 3211 262 3276 laboribus
284 3209 350 3275 tuis
372 3211 575 3296 aliquatenus
598 3212 743 3277 absoluto
766 3212 847 3278 mibi
873 3209 1058 3278 renotabis²
1082 3217 1114 3276 et
1137 3211 1169 3274 in
1188 3214 1253 3276 Au·

95 3321 224 3399 gnatam
258 3316 375 3381 nuncio
405 3317 465 3380 tibi
489 3322 678 3382 occurrente
708 3318 796 3382 mitti
819 3316 923 3382 facies.
969 3315 1057 3392 Quod
1081 3317 1107 3379 si
1131 3317 1253 3396 leceris,

95 3442 247 3504 magnam
281 3421 360 3486 mihi
392 3421 660 3506 complacenciam
685 3423 923 3488 demonstrabis.
981 3421 1169 3506 Magistrum
1195 3421 1252 3486 Jo-

95 3525 234 3591 hannem
251 3524 449 3592 Alberstorff
461 3525 483 3607 ³,
500 3511 690 3612 magistram
707 3527 887 3593 iohannem
904 3527 1089 3612 Sprenger*
1112 3527 1254 3610 aliosque

665 3637 684 3672 h·

170 3703 183 3756 l
204 3701 328 3758 Thomas
346 3697 521 3756 Oedenhoter
540 3701 574 3756 de
585 3702 707 3765 Moneco,
728 3702 770 3756 als
789 3700 889 3756 freund
915 3701 1107 3758 Gessembrots
1125 3703 1254 3758 erathnt

95 3805 119 3842 v.
139 3789 329 3844 wattenbach
349 3788 367 3845 i.
386 3787 413 3843 d.
432 3789 554 3844 Ztschrit
572 3789 591 3843 t'.
612 3789 644 3845 G,
665 3788 692 3843 d.
712 3788 879 3845 Oberrheins
902 3789 1030 3846 XXV55.
1069 3790 1119 3844 Eia
1138 3789 1255 3859 gedicht

98 3895 150 3933 von
166 3877 227 3932 ihm
246 3893 285 3931 an
302 3876 355 3932 den
375 3875 528 3930 hldnchner
557 3879 620 3930 arat
648 3875 799 3932 Baltbesar
812 3877 955 3932 llamvelt
972 3878 1000 3930 in
1014 3894 1086 3948 cgm.
1106 3878 1158 3934 973
1177 3877 1251 3932 itt).

98 3962 138 4018 lm
153 3964 222 4035 jahr
249 3965 316 4020 1480
344 3961 483 4018 erscbeint
507 3980 538 4019 er
564 3964 606 4018 als
633 3963 725 4020 dekan
750 3981 783 4017 au
812 3963 852 4018 St.
873 3963 973 4020 lloria:
1002 3964 1067 4020 »sub
1095 3982 1127 4020 eo
1145 3964 1255 4033 aliquot

96 4051 273 4120 quaestiones
290 4051 422 4107 decisae«
452 4051 935 4123 Rhammfliersrchiahngustena
959 4071 1024 4123 pars
1039 4053 1066 4107 11
1089 4056 1136 4109 t.l
1159 4073 1186 4125 p.
1197 4055 1254 4110 108.

97 4139 114 4191 2
127 4137 163 4195 So
181 4139 253 4194 anch
265 4139 311 4194 die
319 4138 489 4208 abschrilt[s.
501 4141 547 4212 u.].
559 4141 601 4195 Du
615 4140 718 4211 Gange,
732 4141 821 4198 Gloss.
833 4141 885 4196 hat
896 4142 1038 4200 renotatio
1050 4164 1084 4190 =
1097 4143 1252 4199 annotatio.

98 4223 144 4282 Bei
163 4225 342 4282 Dieffenbach
361 4225 436 4282 fehlt
454 4227 505 4283 das
529 4232 609 4286 wart.
693 4229 870 4286 3Johannes
893 4229 1003 4285 Knaber
1028 4229 1063 4284 de
1081 4231 1253 4294 Albersdori,

99 4315 292 4370 144349211
317 4315 366 4371 der
385 4315 498 4371 Wiener
517 4317 686 4372 universittt
711 4318 904 4373 nachweisbar
929 4336 950 4372 s.
971 4317 1129 4383 Asehbach,
1156 4320 1253 4375 Gesch.

98 4401 123 4455 d.
142 4402 255 4458 Wiener
270 4401 382 4469 uniar,
395 4405 455 4460 ³54.
474 4407 535 4460 478.
555 4407 615 4462 606.
643 4403 818 4463 Oedenhofer
838 4407 926 4463 selbst
944 4409 1026 4463 hatte
1044 4407 1075 4462 in
1095 4408 1178 4464 Wien
1197 4412 1253 4463 stu·

99 4487 169 4544 diert
189 4489 243 4543 end
263 4508 291 4546 es
310 4490 353 4545 bis
367 4507 428 4546 enm
443 4493 644 4549 baccalaureus
658 4495 819 4566 theologiae
831 4496 958 4550 daeatbst
970 4497 1115 4567 gebracht,
1134 4513 1154 4552 s.
1173 4497 1255 4552 Asch-
