3002 5070
779 427 820 492 40

223 604 338 686 degere
360 601 494 668 credam.
542 601 703 668 Neutrum
734 603 849 668 horum
879 605 995 670 nedum
1022 628 1041 670 a
1064 607 1096 668 te
1117 604 1172 669 sed
1195 625 1255 669 nec
1279 628 1298 667 a
1323 625 1381 687 pa-

225 713 298 772 truo
313 712 423 773 nostro
438 706 622 794 intelligere
637 708 739 792 potui,
762 708 862 790 onius,
885 711 934 774 uti
957 715 1021 784 tua.
1044 731 1209 794 nunquam
1233 710 1384 794 apudme

225 817 473 897 comparuerunt
495 813 626 898 scripta,
650 835 713 880 nou
730 835 819 879 secus
841 815 979 899 quamsi
1001 815 1213 881 alienissimus
1236 814 1382 881 omnium

225 923 364 984 vestrum
392 937 501 984 essem.
558 916 672 983 Iusteti
696 919 885 1004 quandoque
913 921 991 985 meis
1020 939 1097 1004 erga
1125 925 1158 985 te
1180 919 1320 1004 scriptis,
1345 924 1385 984 ut

224 1046 353 1109 operam
380 1024 496 1090 bonam
519 1024 552 1088 in
576 1023 785 1090 fundamento
821 1025 1030 1109 grammatice
1052 1025 1187 1091 sciencie
1209 1022 1326 1090 dares¹
1349 1029 1386 1089 et

225 1130 263 1196 de
285 1129 437 1215 gradibus
460 1129 590 1194 minime
611 1150 748 1211 curares,
770 1131 919 1216 quoniam
943 1131 1052 1197 statim
1069 1129 1278 1197 fundamento
1294 1130 1384 1196 bono

226 1235 336 1301 habito
359 1234 509 1319 placeret,
539 1239 576 1300 ut
599 1237 798 1319 quamtocius
823 1236 1003 1302 calentibus
1034 1235 1148 1320 studijs
1171 1241 1203 1301 et
1226 1235 1385 1302 doctrinis

227 1339 401 1405 scolasticis
424 1345 588 1424 tamquam
610 1340 802 1408 adiumentis
822 1342 861 1407 ad
884 1342 1011 1422 alciora,
1034 1363 1129 1427 quam
1153 1342 1185 1406 in
1209 1340 1271 1424 hijs
1285 1342 1382 1405 vanis

227 1447 383 1526 insistere,
406 1446 548 1512 animum
571 1445 733 1531 applicare
754 1447 851 1513 uelles
867 1454 901 1512 et
922 1448 961 1513 ad
973 1446 1116 1514 Ytnliam
1132 1444 1297 1530 proficisci,
1323 1447 1381 1510 ubi

227 1554 259 1618 in
294 1556 379 1617 etate
411 1555 467 1616 tna
489 1549 621 1616 iuvenili
645 1551 678 1616 in
702 1551 814 1617 multis
849 1553 882 1618 in
914 1553 1019 1619 virum
1050 1571 1201 1638 magnum
1234 1571 1381 1617 erescere

228 1679 334 1743 posses
358 1661 390 1722 et
412 1657 515 1741 magis
539 1679 633 1741 quam
664 1658 857 1742 garrulitate
880 1659 1146 1744 dyalectioorum,
1171 1678 1231 1740 que
1255 1656 1385 1722 nullum

228 1765 324 1829 linem
359 1762 509 1828 habitura
542 1767 609 1842 est,
642 1764 789 1828 insistere
834 1770 867 1829 et
899 1765 937 1829 de
960 1764 1065 1830 eadem
1094 1762 1237 1849 gloriari.
1282 1761 1388 1828 Crede

230 1867 319 1946 mihi,
343 1868 425 1951 quod
442 1868 550 1933 eadem
566 1869 741 1952 garrulitas
758 1869 869 1953 inepta
884 1907 926 1916 —
942 1869 1065 1934 utinam
1081 1867 1183 1932 solunt
1209 1867 1282 1952 hijs,
1307 1869 1385 1953 qui-

229 1976 287 2038 bus
312 1994 428 2057 rugosa
449 1972 537 2038 frons
562 1979 594 2039 et
617 1974 673 2059 qui
696 1973 777 2039 albis
800 1975 943 2039 existunt
959 1973 1085 2058 capillis
1108 1972 1264 2037 insaniam
1280 1972 1387 2037 inier-

229 2085 287 2159 ret,
310 2079 336 2143 si
354 2101 417 2144 nou
433 2077 622 2164 quandoque
638 2079 871 2145 nobilissimum
905 2078 1142 2146 adolescentum
1156 2079 1189 2164 (t)
1214 2076 1385 2163 ingenium

232 2190 458 2270 corrumperet.
504 2182 627 2251 Omitto
650 2189 683 2249 et
705 2185 784 2250 alias
805 2185 941 2252 maiores
963 2183 1112 2263 insanias,
1136 2205 1214 2270 quas
1237 2181 1386 2266 quando·

228 2313 289 2376 que
327 2291 477 2374 parturit.
549 2289 650 2374 Cupio
696 2312 916 2376 summopere,
960 2295 1017 2358 tua
1054 2291 1243 2374 quandoque
1281 2286 1387 2351 uisere

229 2398 369 2482 scripta,
406 2418 466 2481 que
497 2397 524 2460 si
555 2397 645 2462 uideo
680 2398 862 2482 gratissima
893 2403 1008 2475 erunt,
1047 2396 1145 2460 eciam
1184 2392 1387 2478 qualiacum-

230 2525 290 2588 que
314 2501 442 2568 iuerint.
503 2499 637 2566 Domum
662 2507 697 2566 ut
729 2502 927 2585 presencium
956 2500 1165 2566 exhibitorem
1195 2496 1235 2562 N.
1261 2497 1322 2563 tibi
1347 2519 1389 2561 ac

232 2608 386 2692 irrugistro
408 2611 464 2671 tuo
495 2611 550 2672 aut
575 2607 629 2672 ubi
650 2611 844 2692 oportunum
876 2608 935 2673 tibi
966 2606 1147 2685 uidebitur,
1185 2625 1385 2670 recommen-

231 2716 340 2779 datum
363 2713 480 2777 habere
503 2711 581 2776 velis
603 2713 718 2777 obnixe
741 2733 828 2797 rogo.
876 2713 934 2779 hlst
958 2712 1041 2777 enim
1071 2710 1109 2776 de
1134 2710 1223 2775 bonis
1246 2707 1299 2773 hic
1324 2731 1386 2792 pn-

231 2819 375 2886 rentibus
397 2839 434 2882 ac
456 2817 598 2884 honestis
620 2840 658 2883 ac
680 2818 938 2884 habundantibus
965 2822 1068 2897 natus,
1092 2817 1181 2882 cuius
1204 2818 1306 2880 mater
1331 2814 1384 2876 vi-

231 2925 293 2990 dua
326 2924 505 3010 fratresque
534 2923 640 3008 plures
674 2927 864 2988 mercatores
897 2923 1011 2999 habet,
1041 2920 1249 3007 singulariter
1282 2917 1385 2984 michi

232 3031 374 3096 fauentes
408 3035 440 3095 et
473 3029 645 3095 coniuncti.
705 3028 765 3094 Mei
790 3029 891 3113 igitur
914 3027 1034 3094 intuitu
1066 3049 1136 3093 eum
1159 3023 1386 3091 commendare

231 3135 309 3200 velis
332 3156 398 3214 oro,
421 3135 477 3199 nbi
499 3136 631 3200 honeste
647 3136 808 3220 vitamque
831 3133 1023 3198 laudabilem
1048 3153 1192 3198 exercere
1206 3129 1328 3215 poterit
1344 3151 1386 3194 ac

232 3242 338 3308 studio
361 3241 441 3306 artis
464 3241 619 3308 insistere.
666 3241 838 3306 Exhibebis
855 3239 933 3304 mihi
950 3240 982 3304 in
1007 3239 1069 3323 hijs
1086 3259 1152 3303 rem
1168 3237 1279 3321 utique
1302 3255 1385 3319 gra-

231 3348 394 3414 tissimam.
442 3345 538 3412 Mitto
570 3348 628 3412 tibi
652 3368 722 3411 cunr
747 3346 856 3411 eodem
878 3345 956 3411 duos
980 3341 1034 3411 α’
1070 3344 1178 3422 bonos,
1211 3361 1290 3425 quos
1316 3345 1391 3420 tuo,

234 3454 283 3518 uti
305 3452 475 3533 videbitur,
500 3453 569 3516 usui
592 3453 758 3536 usurpabis
781 3457 841 3516 etc.
887 3450 1033 3518 Salutere
1057 3449 1198 3535 digneris
1220 3448 1248 3515 d.
1274 3447 1388 3511 docto-

233 3581 298 3623 rem
315 3555 355 3622 N.
374 3557 415 3622 M.
432 3555 445 3594 ⁸
460 3557 491 3623 J.
515 3557 657 3642 aliosque
689 3559 749 3623 tibi
774 3559 968 3623 coniunctos.
1026 3555 1090 3623 Oro
1114 3560 1150 3621 ut
1172 3560 1205 3621 et
1227 3553 1391 3639 proximis

233 3665 297 3728 tuis
319 3663 447 3746 seriptis
471 3685 520 3728 me
543 3663 710 3728 cerciorari
734 3663 812 3727 velis
837 3663 874 3728 de
901 3663 1081 3729 valetudine
1103 3682 1140 3726 ac
1162 3679 1307 3726 successu
1327 3662 1388 3724 tuo

234 3789 394 3854 prospero.
441 3767 572 3854 Raptim
595 3792 633 3835 ex
661 3769 837 3856 Magneta]
874 3771 1019 3854 proxima
1041 3770 1092 3834 die
1113 3773 1188 3832 ante
1217 3765 1391 3849 [ramperti

233 3896 317 3940 anno
338 3874 457 3939 domini
482 3881 541 3941 etc.
566 3874 683 3942 LVIII.

320 3977 475 4064 Instigaui
497 4002 703 4066 sepenumero
734 3989 884 4067 patruum
909 3988 1063 4061 nostrum,
1087 3983 1136 4044 ut·
1151 3977 1220 4043 N.‘
1245 3975 1386 4042 fratrem

234 4093 323 4154 tuum
341 4081 492 4149 Venecias
508 4102 615 4144 versus
632 4081 783 4160 mitteret,
807 4081 860 4146 sed
876 4081 921 4146 nil
946 4080 1099 4165 proficere
1117 4100 1165 4144 me
1180 4081 1260 4146 meis
1282 4083 1390 4167 scrip-

237 4194 279 4258 tis
302 4197 398 4276 atque
414 4185 677 4254 adoracionibus⁶
700 4187 792 4254 sensi.
828 4185 954 4266 Nescio,
972 4187 1048 4272 quid
1063 4207 1168 4250 secum
1185 4185 1289 4252 facere
1313 4210 1391 4272 pre-

800 4325 817 4363 ὴ

306 4436 318 4487 l
339 4433 365 4487 S.
384 4431 456 4489 oben
474 4449 515 4486 nr.
535 4432 558 4486 8.
661 4429 811 4487 tcaeeos?
829 4447 849 4486 s.
869 4431 941 4490 oben
960 4447 1001 4486 nr.
1022 4431 1046 4485 8.
1156 4431 1173 4484 3
1191 4429 1392 4500 magistrum?

238 4521 439 4578 trohannum.
512 4521 527 4575 5
547 4517 796 4578 adortationibur?
