<?xml version="1.0" encoding="UTF-8"?>
<!DOCTYPE html PUBLIC "-//W3C//DTD XHTML 1.0 Transitional//EN"
    "http://www.w3.org/TR/xhtml1/DTD/xhtml1-transitional.dtd">
<html xmlns="http://www.w3.org/1999/xhtml" xml:lang="en" lang="en">
 <head>
  <title>
</title>
<meta http-equiv="Content-Type" content="text/html;charset=utf-8" />
  <meta name='ocr-system' content='tesseract 3.04.00' />
  <meta name='ocr-capabilities' content='ocr_page ocr_carea ocr_par ocr_line ocrx_word'/>
</head>
<body>
  <div class='ocr_page' id='page_1' title='image "./hermannschedels00schegoog_0081.png"; bbox 0 0 3002 5070; ppageno 0'>
   <div class='ocr_carea' id='block_1_1' title="bbox 634 441 676 504">
    <p class='ocr_par' dir='ltr' id='par_1_1' title="bbox 634 441 676 504">
     <span class='ocr_line' id='line_1_1' title="bbox 634 441 676 504; baseline -0.024 0"><span class='ocrx_word' id='word_1_1' title='bbox 634 441 676 504; x_wconf 80' lang='lat'><strong>65</strong></span> 
     </span>
    </p>
   </div>
   <div class='ocr_carea' id='block_1_2' title="bbox 77 615 1231 2809">
    <p class='ocr_par' dir='ltr' id='par_1_2' title="bbox 77 615 1231 2704">
     <span class='ocr_line' id='line_1_2' title="bbox 83 615 1231 700; baseline 0.001 -20"><span class='ocrx_word' id='word_1_2' title='bbox 83 616 200 696; x_wconf 92' lang='lat' dir='ltr'><strong>tollitis,</strong></span> <span class='ocrx_word' id='word_1_3' title='bbox 224 621 260 681; x_wconf 88' lang='lat' dir='ltr'><strong>ut</strong></span> <span class='ocrx_word' id='word_1_4' title='bbox 281 616 383 682; x_wconf 81' lang='lat' dir='ltr'>nichil</span> <span class='ocrx_word' id='word_1_5' title='bbox 417 637 523 700; x_wconf 89' lang='lat' dir='ltr'><strong>supra,</strong></span> <span class='ocrx_word' id='word_1_6' title='bbox 557 615 613 679; x_wconf 87' lang='lat' dir='ltr'><strong>hec</strong></span> <span class='ocrx_word' id='word_1_7' title='bbox 645 616 759 698; x_wconf 86' lang='lat' dir='ltr'><strong>(enim)</strong></span> <span class='ocrx_word' id='word_1_8' title='bbox 795 616 958 700; x_wconf 87' lang='lat' dir='ltr'><strong>ingentem</strong></span> <span class='ocrx_word' id='word_1_9' title='bbox 988 617 1068 681; x_wconf 83' lang='lat' dir='ltr'><strong>milri</strong></span> <span class='ocrx_word' id='word_1_10' title='bbox 1092 616 1231 682; x_wconf 84' lang='lat' dir='ltr'><strong>afferunt</strong></span> 
     </span>
     <span class='ocr_line' id='line_1_3' title="bbox 81 720 1227 804; baseline 0.001 -18"><span class='ocrx_word' id='word_1_11' title='bbox 81 721 322 786; x_wconf 86' lang='lat' dir='ltr'><strong>consolaciouem</strong></span> <span class='ocrx_word' id='word_1_12' title='bbox 346 726 378 786; x_wconf 90' lang='lat' dir='ltr'><strong>et</strong></span> <span class='ocrx_word' id='word_1_13' title='bbox 403 743 440 786; x_wconf 92' lang='lat' dir='ltr'><strong>eo</strong></span> <span class='ocrx_word' id='word_1_14' title='bbox 463 720 624 798; x_wconf 83' lang='lat' dir='ltr'><strong>maiorem,</strong></span> <span class='ocrx_word' id='word_1_15' title='bbox 649 742 712 804; x_wconf 92' lang='lat' dir='ltr'><strong>quo</strong></span> <span class='ocrx_word' id='word_1_16' title='bbox 735 721 837 804; x_wconf 90' lang='lat' dir='ltr'><strong>magis</strong></span> <span class='ocrx_word' id='word_1_17' title='bbox 860 721 921 784; x_wconf 88' lang='lat' dir='ltr'><strong>sibi</strong></span> <span class='ocrx_word' id='word_1_18' title='bbox 944 721 1072 787; x_wconf 90' lang='lat' dir='ltr'><strong>vinculo</strong></span> <span class='ocrx_word' id='word_1_19' title='bbox 1094 743 1227 787; x_wconf 87' lang='lat' dir='ltr'><strong>consen-</strong></span> 
     </span>
     <span class='ocr_line' id='line_1_4' title="bbox 82 825 1229 912; baseline 0.002 -22"><span class='ocrx_word' id='word_1_20' title='bbox 82 827 242 912; x_wconf 87' lang='lat' dir='ltr'><strong>guinitatis</strong></span> <span class='ocrx_word' id='word_1_21' title='bbox 264 827 437 910; x_wconf 88' lang='lat' dir='ltr'><strong>astringor.</strong></span> <span class='ocrx_word' id='word_1_22' title='bbox 495 825 599 902; x_wconf 80' lang='lat' dir='ltr'><strong>Quare</strong></span> <span class='ocrx_word' id='word_1_23' title='bbox 632 827 735 910; x_wconf 87' lang='lat' dir='ltr'><strong>ipsum</strong></span> <span class='ocrx_word' id='word_1_24' title='bbox 771 827 800 890; x_wconf 89' lang='lat' dir='ltr'><strong>d.</strong></span> <span class='ocrx_word' id='word_1_25' title='bbox 827 849 857 892; x_wconf 91' lang='lat' dir='ltr'><strong>v.</strong></span> <span class='ocrx_word' id='word_1_26' title='bbox 881 828 928 891; x_wconf 91' lang='lat' dir='ltr'><strong>uti</strong></span> <span class='ocrx_word' id='word_1_27' title='bbox 954 827 1115 892; x_wconf 88' lang='lat' dir='ltr'><strong>subditum</strong></span> <span class='ocrx_word' id='word_1_28' title='bbox 1142 829 1229 894; x_wconf 91' lang='lat' dir='ltr'><strong>etin</strong></span> 
     </span>
     <span class='ocr_line' id='line_1_5' title="bbox 81 931 1231 1016; baseline 0.001 -20"><span class='ocrx_word' id='word_1_29' title='bbox 81 933 197 996; x_wconf 89' lang='lat' dir='ltr'><strong>cunctis</strong></span> <span class='ocrx_word' id='word_1_30' title='bbox 219 932 445 1015; x_wconf 70' lang='lat' dir='ltr'>obsequentem</span> <span class='ocrx_word' id='word_1_31' title='bbox 465 932 755 997; x_wconf 87' lang='lat' dir='ltr'><strong>recommendatum</strong></span> <span class='ocrx_word' id='word_1_32' title='bbox 772 931 864 1011; x_wconf 85' lang='lat' dir='ltr'><strong>facio,</strong></span> <span class='ocrx_word' id='word_1_33' title='bbox 889 953 1021 1016; x_wconf 89' lang='lat' dir='ltr'><strong>sperans</strong></span> <span class='ocrx_word' id='word_1_34' title='bbox 1036 933 1231 998; x_wconf 89' lang='lat' dir='ltr'><strong>confidencia</strong></span> 
     </span>
     <span class='ocr_line' id='line_1_6' title="bbox 80 1036 1230 1122; baseline 0.002 -22"><span class='ocrx_word' id='word_1_35' title='bbox 80 1037 229 1122; x_wconf 75' lang='lat' dir='ltr'><strong>singulari</strong></span> <span class='ocrx_word' id='word_1_36' title='bbox 252 1037 314 1102; x_wconf 89' lang='lat' dir='ltr'><strong>sibi</strong></span> <span class='ocrx_word' id='word_1_37' title='bbox 338 1037 384 1101; x_wconf 92' lang='lat' dir='ltr'><strong>ita</strong></span> <span class='ocrx_word' id='word_1_38' title='bbox 406 1042 512 1101; x_wconf 89' lang='lat' dir='ltr'><strong>vestro</strong></span> <span class='ocrx_word' id='word_1_39' title='bbox 534 1036 664 1115; x_wconf 87' lang='lat' dir='ltr'><strong>auxilio,</strong></span> <span class='ocrx_word' id='word_1_40' title='bbox 688 1037 834 1102; x_wconf 89' lang='lat' dir='ltr'><strong>doctrina</strong></span> <span class='ocrx_word' id='word_1_41' title='bbox 856 1037 977 1122; x_wconf 87' lang='lat' dir='ltr'><strong>pariter</strong></span> <span class='ocrx_word' id='word_1_42' title='bbox 1001 1043 1033 1102; x_wconf 88' lang='lat' dir='ltr'><strong>et</strong></span> <span class='ocrx_word' id='word_1_43' title='bbox 1056 1039 1230 1104; x_wconf 79' lang='lat' dir='ltr'><strong>directione</strong></span> 
     </span>
     <span class='ocr_line' id='line_1_7' title="bbox 82 1141 1230 1229; baseline 0.003 -22"><span class='ocrx_word' id='word_1_44' title='bbox 82 1143 233 1222; x_wconf 76' lang='lat' dir='ltr'><strong>assistere,</strong></span> <span class='ocrx_word' id='word_1_45' title='bbox 258 1145 296 1206; x_wconf 91' lang='lat' dir='ltr'><strong>nt</strong></span> <span class='ocrx_word' id='word_1_46' title='bbox 319 1141 409 1206; x_wconf 93' lang='lat' dir='ltr'><strong>nullo</strong></span> <span class='ocrx_word' id='word_1_47' title='bbox 425 1142 494 1207; x_wconf 92' lang='lat' dir='ltr'><strong>ocio</strong></span> <span class='ocrx_word' id='word_1_48' title='bbox 518 1142 615 1207; x_wconf 88' lang='lat' dir='ltr'><strong>inerti</strong></span> <span class='ocrx_word' id='word_1_49' title='bbox 630 1148 687 1208; x_wconf 87' lang='lat' dir='ltr'><strong>aut</strong></span> <span class='ocrx_word' id='word_1_50' title='bbox 702 1143 854 1209; x_wconf 81' lang='lat' dir='ltr'><strong>illiberali</strong></span> <span class='ocrx_word' id='word_1_51' title='bbox 867 1143 1002 1228; x_wconf 87' lang='lat' dir='ltr'><strong>negocio</strong></span> <span class='ocrx_word' id='word_1_52' title='bbox 1025 1145 1230 1229; x_wconf 81' lang='lat' dir='ltr'><strong>quovismodo</strong></span> 
     </span>
     <span class='ocr_line' id='line_1_8' title="bbox 81 1247 1230 1335; baseline 0.002 -23"><span class='ocrx_word' id='word_1_53' title='bbox 81 1248 267 1332; x_wconf 90' lang='lat' dir='ltr'><strong>implicetur.</strong></span> <span class='ocrx_word' id='word_1_54' title='bbox 314 1247 360 1312; x_wconf 76' lang='lat' dir='ltr'><strong>lla</strong></span> <span class='ocrx_word' id='word_1_55' title='bbox 383 1270 518 1333; x_wconf 84' lang='lat' dir='ltr'><strong>nomque</strong></span> <span class='ocrx_word' id='word_1_56' title='bbox 532 1252 646 1314; x_wconf 84' lang='lat' dir='ltr'><strong>nature</strong></span> <span class='ocrx_word' id='word_1_57' title='bbox 663 1249 755 1330; x_wconf 88' lang='lat' dir='ltr'><strong>bona,</strong></span> <span class='ocrx_word' id='word_1_58' title='bbox 779 1272 840 1334; x_wconf 94' lang='lat' dir='ltr'><strong>que</strong></span> <span class='ocrx_word' id='word_1_59' title='bbox 856 1251 893 1314; x_wconf 91' lang='lat' dir='ltr'><strong>de</strong></span> <span class='ocrx_word' id='word_1_60' title='bbox 915 1249 1097 1335; x_wconf 84' lang='lat' dir='ltr'><strong>suscriptis</strong></span> <span class='ocrx_word' id='word_1_61' title='bbox 1115 1251 1230 1316; x_wconf 86' lang='lat' dir='ltr'><strong>vestris</strong></span> 
     </span>
     <span class='ocr_line' id='line_1_9' title="bbox 81 1353 1229 1437; baseline 0.003 -21"><span class='ocrx_word' id='word_1_62' title='bbox 81 1353 264 1433; x_wconf 74' lang='lat' dir='ltr'><strong>inseruistis,</strong></span> <span class='ocrx_word' id='word_1_63' title='bbox 288 1356 321 1417; x_wconf 90' lang='lat' dir='ltr'><strong>et</strong></span> <span class='ocrx_word' id='word_1_64' title='bbox 343 1373 405 1437; x_wconf 93' lang='lat' dir='ltr'><strong>que</strong></span> <span class='ocrx_word' id='word_1_65' title='bbox 420 1353 517 1418; x_wconf 91' lang='lat' dir='ltr'><strong>eciam</strong></span> <span class='ocrx_word' id='word_1_66' title='bbox 542 1375 561 1416; x_wconf 87' lang='lat' dir='ltr'><strong>a</strong></span> <span class='ocrx_word' id='word_1_67' title='bbox 583 1357 701 1418; x_wconf 85' lang='lat' dir='ltr'><strong>natura</strong></span> <span class='ocrx_word' id='word_1_68' title='bbox 723 1354 783 1419; x_wconf 90' lang='lat' dir='ltr'><strong>sibi</strong></span> <span class='ocrx_word' id='word_1_69' title='bbox 808 1354 908 1419; x_wconf 85' lang='lat' dir='ltr'><strong>indite</strong></span> <span class='ocrx_word' id='word_1_70' title='bbox 925 1375 991 1420; x_wconf 86' lang='lat' dir='ltr'><strong>esse</strong></span> <span class='ocrx_word' id='word_1_71' title='bbox 1013 1375 1169 1428; x_wconf 74' lang='lat' dir='ltr'><strong>munosco</strong></span> <span class='ocrx_word' id='word_1_72' title='bbox 1192 1377 1229 1420; x_wconf 85' lang='lat' dir='ltr'><strong>ex</strong></span> 
     </span>
     <span class='ocr_line' id='line_1_10' title="bbox 81 1456 1229 1544; baseline 0 -22"><span class='ocrx_word' id='word_1_73' title='bbox 81 1459 172 1542; x_wconf 87' lang='lat' dir='ltr'><strong>ipsius</strong></span> <span class='ocrx_word' id='word_1_74' title='bbox 195 1457 344 1522; x_wconf 87' lang='lat' dir='ltr'><strong>videlicet</strong></span> <span class='ocrx_word' id='word_1_75' title='bbox 368 1456 485 1542; x_wconf 85' lang='lat' dir='ltr'><strong>effigie,</strong></span> <span class='ocrx_word' id='word_1_76' title='bbox 508 1457 725 1541; x_wconf 75' lang='lat' dir='ltr'><strong>pulcritudine</strong></span> <span class='ocrx_word' id='word_1_77' title='bbox 747 1461 901 1543; x_wconf 90' lang='lat' dir='ltr'><strong>gestuque</strong></span> <span class='ocrx_word' id='word_1_78' title='bbox 936 1459 1079 1544; x_wconf 90' lang='lat' dir='ltr'><strong>corporis</strong></span> <span class='ocrx_word' id='word_1_79' title='bbox 1101 1458 1229 1524; x_wconf 87' lang='lat' dir='ltr'><strong>ceteris-</strong></span> 
     </span>
     <span class='ocr_line' id='line_1_11' title="bbox 81 1563 1229 1648; baseline 0 -21"><span class='ocrx_word' id='word_1_80' title='bbox 81 1586 136 1647; x_wconf 86' lang='lat' dir='ltr'><strong>que</strong></span> <span class='ocrx_word' id='word_1_81' title='bbox 159 1563 297 1642; x_wconf 88' lang='lat' dir='ltr'><strong>actibus,</strong></span> <span class='ocrx_word' id='word_1_82' title='bbox 320 1583 408 1646; x_wconf 91' lang='lat' dir='ltr'><strong>spem</strong></span> <span class='ocrx_word' id='word_1_83' title='bbox 425 1564 536 1648; x_wconf 90' lang='lat' dir='ltr'><strong>utique</strong></span> <span class='ocrx_word' id='word_1_84' title='bbox 560 1564 674 1628; x_wconf 89' lang='lat' dir='ltr'><strong>bonam</strong></span> <span class='ocrx_word' id='word_1_85' title='bbox 699 1565 736 1628; x_wconf 91' lang='lat' dir='ltr'><strong>de</strong></span> <span class='ocrx_word' id='word_1_86' title='bbox 756 1564 825 1648; x_wconf 88' lang='lat' dir='ltr'><strong>ipso</strong></span> <span class='ocrx_word' id='word_1_87' title='bbox 847 1563 927 1629; x_wconf 92' lang='lat' dir='ltr'><strong>mihi</strong></span> <span class='ocrx_word' id='word_1_88' title='bbox 951 1563 1096 1648; x_wconf 90' lang='lat' dir='ltr'><strong>polliceri</strong></span> <span class='ocrx_word' id='word_1_89' title='bbox 1120 1564 1229 1628; x_wconf 91' lang='lat' dir='ltr'><strong>viden·</strong></span> 
     </span>
     <span class='ocr_line' id='line_1_12' title="bbox 80 1666 1228 1754; baseline 0 -22"><span class='ocrx_word' id='word_1_90' title='bbox 80 1671 137 1734; x_wconf 89' lang='lat' dir='ltr'><strong>tur.</strong></span> <span class='ocrx_word' id='word_1_91' title='bbox 183 1668 270 1734; x_wconf 85' lang='lat' dir='ltr'><strong>Hinc</strong></span> <span class='ocrx_word' id='word_1_92' title='bbox 303 1669 381 1732; x_wconf 90' lang='lat' dir='ltr'><strong>bene</strong></span> <span class='ocrx_word' id='word_1_93' title='bbox 404 1691 423 1732; x_wconf 88' lang='lat' dir='ltr'><strong>a</strong></span> <span class='ocrx_word' id='word_1_94' title='bbox 446 1666 576 1733; x_wconf 82' lang='lat' dir='ltr'><strong>Socrate</strong></span> <span class='ocrx_word' id='word_1_95' title='bbox 599 1669 853 1754; x_wconf 72' lang='lat' dir='ltr'><strong>precipiebatur,</strong></span> <span class='ocrx_word' id='word_1_96' title='bbox 885 1673 922 1733; x_wconf 89' lang='lat' dir='ltr'><strong>ut</strong></span> <span class='ocrx_word' id='word_1_97' title='bbox 952 1669 1168 1733; x_wconf 82' lang='lat' dir='ltr'><strong>adulescentes</strong></span> <span class='ocrx_word' id='word_1_98' title='bbox 1196 1669 1228 1732; x_wconf 90' lang='lat' dir='ltr'><strong>iu</strong></span> 
     </span>
     <span class='ocr_line' id='line_1_13' title="bbox 79 1772 1229 1858; baseline 0.001 -22"><span class='ocrx_word' id='word_1_99' title='bbox 79 1773 200 1857; x_wconf 87' lang='lat' dir='ltr'><strong>speculo</strong></span> <span class='ocrx_word' id='word_1_100' title='bbox 229 1795 323 1838; x_wconf 89' lang='lat' dir='ltr'><strong>suam</strong></span> <span class='ocrx_word' id='word_1_101' title='bbox 355 1774 536 1858; x_wconf 80' lang='lat' dir='ltr'><strong>ymaginem</strong></span> <span class='ocrx_word' id='word_1_102' title='bbox 570 1774 680 1839; x_wconf 90' lang='lat' dir='ltr'><strong>crebro</strong></span> <span class='ocrx_word' id='word_1_103' title='bbox 705 1775 1020 1858; x_wconf 82' lang='lat' dir='ltr'><strong>contemplarentur,</strong></span> <span class='ocrx_word' id='word_1_104' title='bbox 1049 1795 1086 1838; x_wconf 90' lang='lat' dir='ltr'><strong>ea</strong></span> <span class='ocrx_word' id='word_1_105' title='bbox 1107 1772 1229 1837; x_wconf 89' lang='lat' dir='ltr'><strong>seilicet</strong></span> 
     </span>
     <span class='ocr_line' id='line_1_14' title="bbox 81 1878 1228 1964; baseline 0 -22"><span class='ocrx_word' id='word_1_106' title='bbox 81 1879 211 1958; x_wconf 83' lang='lat' dir='ltr'><strong>racione,</strong></span> <span class='ocrx_word' id='word_1_107' title='bbox 235 1884 274 1943; x_wconf 91' lang='lat' dir='ltr'><strong>ut</strong></span> <span class='ocrx_word' id='word_1_108' title='bbox 296 1878 354 1962; x_wconf 91' lang='lat' dir='ltr'><strong>bij,</strong></span> <span class='ocrx_word' id='word_1_109' title='bbox 379 1879 495 1964; x_wconf 89' lang='lat' dir='ltr'><strong>quibus</strong></span> <span class='ocrx_word' id='word_1_110' title='bbox 517 1879 634 1944; x_wconf 89' lang='lat' dir='ltr'><strong>inesset</strong></span> <span class='ocrx_word' id='word_1_111' title='bbox 650 1879 765 1963; x_wconf 91' lang='lat' dir='ltr'><strong>speciei</strong></span> <span class='ocrx_word' id='word_1_112' title='bbox 781 1879 932 1963; x_wconf 87' lang='lat' dir='ltr'><strong>dignitas,</strong></span> <span class='ocrx_word' id='word_1_113' title='bbox 955 1880 1045 1964; x_wconf 88' lang='lat' dir='ltr'><strong>vicijs</strong></span> <span class='ocrx_word' id='word_1_114' title='bbox 1060 1878 1150 1944; x_wconf 86' lang='lat' dir='ltr'><strong>illam</strong></span> <span class='ocrx_word' id='word_1_115' title='bbox 1166 1900 1228 1943; x_wconf 91' lang='lat' dir='ltr'><strong>non</strong></span> 
     </span>
     <span class='ocr_line' id='line_1_15' title="bbox 81 1983 1228 2070; baseline 0 -22"><span class='ocrx_word' id='word_1_116' title='bbox 81 1983 334 2065; x_wconf 83' lang='lat' dir='ltr'><strong>dehonestarent,</strong></span> <span class='ocrx_word' id='word_1_117' title='bbox 357 1985 412 2070; x_wconf 92' lang='lat' dir='ltr'><strong>qni</strong></span> <span class='ocrx_word' id='word_1_118' title='bbox 435 2005 510 2050; x_wconf 90' lang='lat' dir='ltr'><strong>vero</strong></span> <span class='ocrx_word' id='word_1_119' title='bbox 535 1984 670 2050; x_wconf 81' lang='lat' dir='ltr'><strong>deformi</strong></span> <span class='ocrx_word' id='word_1_120' title='bbox 686 1985 790 2068; x_wconf 89' lang='lat' dir='ltr'><strong>specie</strong></span> <span class='ocrx_word' id='word_1_121' title='bbox 806 1984 1001 2065; x_wconf 89' lang='lat' dir='ltr'><strong>viderentur,</strong></span> <span class='ocrx_word' id='word_1_122' title='bbox 1026 1985 1180 2050; x_wconf 81' lang='lat' dir='ltr'><strong>formosos</strong></span> <span class='ocrx_word' id='word_1_123' title='bbox 1194 2007 1228 2049; x_wconf 85' lang='lat' dir='ltr'><strong>se</strong></span> 
     </span>
     <span class='ocr_line' id='line_1_16' title="bbox 79 2089 1228 2175; baseline 0.002 -23"><span class='ocrx_word' id='word_1_124' title='bbox 79 2089 249 2154; x_wconf 89' lang='lat' dir='ltr'><strong>virtutibus</strong></span> <span class='ocrx_word' id='word_1_125' title='bbox 283 2090 413 2156; x_wconf 91' lang='lat' dir='ltr'><strong>reddere</strong></span> <span class='ocrx_word' id='word_1_126' title='bbox 436 2095 594 2155; x_wconf 89' lang='lat' dir='ltr'><strong>curarent.</strong></span> <span class='ocrx_word' id='word_1_127' title='bbox 642 2089 744 2174; x_wconf 85' lang='lat' dir='ltr'><strong>Magis</strong></span> <span class='ocrx_word' id='word_1_128' title='bbox 768 2095 876 2155; x_wconf 88' lang='lat' dir='ltr'><strong>autem</strong></span> <span class='ocrx_word' id='word_1_129' title='bbox 904 2091 937 2154; x_wconf 92' lang='lat' dir='ltr'><strong>id</strong></span> <span class='ocrx_word' id='word_1_130' title='bbox 961 2092 1110 2175; x_wconf 86' lang='lat' dir='ltr'><strong>consequi</strong></span> <span class='ocrx_word' id='word_1_131' title='bbox 1135 2111 1228 2174; x_wconf 88' lang='lat' dir='ltr'><strong>spero</strong></span> 
     </span>
     <span class='ocr_line' id='line_1_17' title="bbox 78 2196 1229 2280; baseline 0 -21"><span class='ocrx_word' id='word_1_132' title='bbox 78 2201 221 2277; x_wconf 87' lang='lat' dir='ltr'><strong>patruum</strong></span> <span class='ocrx_word' id='word_1_133' title='bbox 247 2217 362 2276; x_wconf 88' lang='lat' dir='ltr'><strong>meum,</strong></span> <span class='ocrx_word' id='word_1_134' title='bbox 391 2197 417 2260; x_wconf 88' lang='lat' dir='ltr'><strong>si</strong></span> <span class='ocrx_word' id='word_1_135' title='bbox 441 2217 505 2262; x_wconf 92' lang='lat' dir='ltr'><strong>uon</strong></span> <span class='ocrx_word' id='word_1_136' title='bbox 521 2202 588 2263; x_wconf 87' lang='lat' dir='ltr'><strong>tarn</strong></span> <span class='ocrx_word' id='word_1_137' title='bbox 604 2217 691 2260; x_wconf 86' lang='lat' dir='ltr'><strong>suom</strong></span> <span class='ocrx_word' id='word_1_138' title='bbox 708 2196 844 2279; x_wconf 88' lang='lat' dir='ltr'><strong>speciem</strong></span> <span class='ocrx_word' id='word_1_139' title='bbox 863 2217 959 2280; x_wconf 90' lang='lat' dir='ltr'><strong>quam</strong></span> <span class='ocrx_word' id='word_1_140' title='bbox 982 2216 1085 2259; x_wconf 88' lang='lat' dir='ltr'><strong>mores</strong></span> <span class='ocrx_word' id='word_1_141' title='bbox 1107 2202 1229 2261; x_wconf 89' lang='lat' dir='ltr'><strong>vestros</strong></span> 
     </span>
     <span class='ocr_line' id='line_1_18' title="bbox 77 2301 1227 2388; baseline 0.004 -23"><span class='ocrx_word' id='word_1_142' title='bbox 77 2301 223 2382; x_wconf 88' lang='lat' dir='ltr'><strong>probatos</strong></span> <span class='ocrx_word' id='word_1_143' title='bbox 247 2307 279 2366; x_wconf 88' lang='lat' dir='ltr'><strong>et</strong></span> <span class='ocrx_word' id='word_1_144' title='bbox 302 2302 394 2366; x_wconf 89' lang='lat' dir='ltr'><strong>laude</strong></span> <span class='ocrx_word' id='word_1_145' title='bbox 416 2303 533 2388; x_wconf 86' lang='lat' dir='ltr'><strong>dignos</strong></span> <span class='ocrx_word' id='word_1_146' title='bbox 559 2307 724 2386; x_wconf 87' lang='lat' dir='ltr'><strong>tamquam</strong></span> <span class='ocrx_word' id='word_1_147' title='bbox 737 2302 901 2386; x_wconf 91' lang='lat' dir='ltr'><strong>speculum</strong></span> <span class='ocrx_word' id='word_1_148' title='bbox 916 2302 1023 2366; x_wconf 89' lang='lat' dir='ltr'><strong>vivum</strong></span> <span class='ocrx_word' id='word_1_149' title='bbox 1040 2302 1227 2370; x_wconf 87' lang='lat' dir='ltr'><strong>intuebitur.</strong></span> 
     </span>
     <span class='ocr_line' id='line_1_19' title="bbox 80 2403 1228 2474; baseline 0.003 -6"><span class='ocrx_word' id='word_1_150' title='bbox 80 2403 155 2472; x_wconf 87' lang='lat' dir='ltr'><strong>Nam</strong></span> <span class='ocrx_word' id='word_1_151' title='bbox 181 2409 267 2474; x_wconf 91' lang='lat' dir='ltr'><strong>sicut</strong></span> <span class='ocrx_word' id='word_1_152' title='bbox 291 2409 361 2472; x_wconf 91' lang='lat' dir='ltr'><strong>viva</strong></span> <span class='ocrx_word' id='word_1_153' title='bbox 382 2429 443 2472; x_wconf 84' lang='lat' dir='ltr'><strong>vox</strong></span> <span class='ocrx_word' id='word_1_154' title='bbox 466 2409 505 2472; x_wconf 88' lang='lat' dir='ltr'><strong>ad</strong></span> <span class='ocrx_word' id='word_1_155' title='bbox 528 2411 707 2472; x_wconf 85' lang='lat' dir='ltr'><strong>extremum</strong></span> <span class='ocrx_word' id='word_1_156' title='bbox 730 2407 859 2472; x_wconf 88' lang='lat' dir='ltr'><strong>virtutis</strong></span> <span class='ocrx_word' id='word_1_157' title='bbox 890 2413 923 2472; x_wconf 90' lang='lat' dir='ltr'><strong>et</strong></span> <span class='ocrx_word' id='word_1_158' title='bbox 953 2429 1075 2472; x_wconf 91' lang='lat' dir='ltr'><strong>morum</strong></span> <span class='ocrx_word' id='word_1_159' title='bbox 1099 2407 1137 2472; x_wconf 88' lang='lat' dir='ltr'><strong>ad</strong></span> <span class='ocrx_word' id='word_1_160' title='bbox 1159 2429 1228 2472; x_wconf 91' lang='lat' dir='ltr'><strong>om·</strong></span> 
     </span>
     <span class='ocr_line' id='line_1_20' title="bbox 78 2512 1226 2599; baseline 0.002 -23"><span class='ocrx_word' id='word_1_161' title='bbox 78 2534 209 2599; x_wconf 89' lang='lat' dir='ltr'><strong>nemque</strong></span> <span class='ocrx_word' id='word_1_162' title='bbox 237 2513 413 2578; x_wconf 82' lang='lat' dir='ltr'><strong>doctrinam</strong></span> <span class='ocrx_word' id='word_1_163' title='bbox 436 2513 579 2590; x_wconf 86' lang='lat' dir='ltr'><strong>confert,</strong></span> <span class='ocrx_word' id='word_1_164' title='bbox 609 2513 655 2576; x_wconf 91' lang='lat' dir='ltr'><strong>ita</strong></span> <span class='ocrx_word' id='word_1_165' title='bbox 677 2512 740 2576; x_wconf 92' lang='lat' dir='ltr'><strong>vivi</strong></span> <span class='ocrx_word' id='word_1_166' title='bbox 765 2512 903 2576; x_wconf 88' lang='lat' dir='ltr'><strong>hominis</strong></span> <span class='ocrx_word' id='word_1_167' title='bbox 928 2533 1029 2578; x_wconf 86' lang='lat' dir='ltr'><strong>mores</strong></span> <span class='ocrx_word' id='word_1_168' title='bbox 1053 2513 1091 2576; x_wconf 91' lang='lat' dir='ltr'><strong>ad</strong></span> <span class='ocrx_word' id='word_1_169' title='bbox 1116 2535 1153 2577; x_wconf 89' lang='lat' dir='ltr'><strong>ea</strong></span> <span class='ocrx_word' id='word_1_170' title='bbox 1175 2535 1226 2578; x_wconf 90' lang='lat' dir='ltr'><strong>ca·</strong></span> 
     </span>
     <span class='ocr_line' id='line_1_21' title="bbox 79 2617 826 2704; baseline -0.001 -23"><span class='ocrx_word' id='word_1_171' title='bbox 79 2619 230 2699; x_wconf 80' lang='lat' dir='ltr'><strong>pascenda</strong></span> <span class='ocrx_word' id='word_1_172' title='bbox 253 2620 418 2704; x_wconf 88' lang='lat' dir='ltr'><strong>mageplns</strong></span> <span class='ocrx_word' id='word_1_173' title='bbox 440 2617 586 2683; x_wconf 84' lang='lat' dir='ltr'><strong>conferre</strong></span> <span class='ocrx_word' id='word_1_174' title='bbox 608 2618 826 2682; x_wconf 90' lang='lat' dir='ltr'><strong>dinoscuntur.</strong></span> 
     </span>
    </p>

    <p class='ocr_par' dir='ltr' id='par_1_3' title="bbox 158 2721 1229 2809">
     <span class='ocr_line' id='line_1_22' title="bbox 158 2721 1229 2809; baseline 0.001 -22"><span class='ocrx_word' id='word_1_175' title='bbox 158 2721 204 2789; x_wconf 89' lang='lat' dir='ltr'><strong>Ut</strong></span> <span class='ocrx_word' id='word_1_176' title='bbox 228 2729 334 2788; x_wconf 89' lang='lat' dir='ltr'><strong>autem</strong></span> <span class='ocrx_word' id='word_1_177' title='bbox 357 2729 492 2807; x_wconf 84' lang='lat' dir='ltr'><strong>patruus</strong></span> <span class='ocrx_word' id='word_1_178' title='bbox 513 2744 602 2787; x_wconf 90' lang='lat' dir='ltr'><strong>meus</strong></span> <span class='ocrx_word' id='word_1_179' title='bbox 625 2724 663 2786; x_wconf 86' lang='lat' dir='ltr'><strong>ad</strong></span> <span class='ocrx_word' id='word_1_180' title='bbox 688 2721 830 2788; x_wconf 90' lang='lat' dir='ltr'><strong>Ytaliam</strong></span> <span class='ocrx_word' id='word_1_181' title='bbox 863 2724 1023 2802; x_wconf 90' lang='lat' dir='ltr'><strong>mittatur,</strong></span> <span class='ocrx_word' id='word_1_182' title='bbox 1047 2725 1229 2809; x_wconf 87' lang='lat' dir='ltr'><strong>improbare</strong></span> 
     </span>
    </p>
   </div>
   <div class='ocr_carea' id='block_1_3' title="bbox 77 2827 1320 2914">
    <p class='ocr_par' dir='ltr' id='par_1_4' title="bbox 77 2827 1320 2914">
     <span class='ocr_line' id='line_1_23' title="bbox 77 2827 1320 2914; baseline 0.003 -24"><span class='ocrx_word' id='word_1_183' title='bbox 77 2850 126 2892; x_wconf 91' lang='lat' dir='ltr'><strong>vos</strong></span> <span class='ocrx_word' id='word_1_184' title='bbox 145 2829 333 2914; x_wconf 84' lang='lat' dir='ltr'><strong>aliqualiter</strong></span> <span class='ocrx_word' id='word_1_185' title='bbox 356 2851 395 2894; x_wconf 85' lang='lat' dir='ltr'><strong>ex</strong></span> <span class='ocrx_word' id='word_1_186' title='bbox 416 2829 546 2913; x_wconf 89' lang='lat' dir='ltr'><strong>scriptis</strong></span> <span class='ocrx_word' id='word_1_187' title='bbox 560 2829 675 2893; x_wconf 91' lang='lat' dir='ltr'><strong>vestris</strong></span> <span class='ocrx_word' id='word_1_188' title='bbox 690 2829 806 2907; x_wconf 89' lang='lat' dir='ltr'><strong>sencio,</strong></span> <span class='ocrx_word' id='word_1_189' title='bbox 829 2833 932 2894; x_wconf 87' lang='lat' dir='ltr'><strong>certas</strong></span> <span class='ocrx_word' id='word_1_190' title='bbox 947 2829 1090 2914; x_wconf 86' lang='lat' dir='ltr'><strong>allegans</strong></span> <span class='ocrx_word' id='word_1_191' title='bbox 1104 2851 1225 2907; x_wconf 88' lang='lat' dir='ltr'><strong>causas,</strong></span> <span class='ocrx_word' id='word_1_192' title='bbox 1304 2827 1320 2855; x_wconf 79' lang='lat'><strong>‘</strong></span> 
     </span>
    </p>
   </div>
   <div class='ocr_carea' id='block_1_4' title="bbox 77 2934 1228 4282">
    <p class='ocr_par' dir='ltr' id='par_1_5' title="bbox 77 2934 1228 4282">
     <span class='ocr_line' id='line_1_24' title="bbox 78 2934 1228 3019; baseline 0.003 -23"><span class='ocrx_word' id='word_1_193' title='bbox 78 2936 244 3015; x_wconf 84' lang='lat' dir='ltr'><strong>presertim</strong></span> <span class='ocrx_word' id='word_1_194' title='bbox 267 2939 426 2999; x_wconf 84' lang='lat' dir='ltr'><strong>nostrates</strong></span> <span class='ocrx_word' id='word_1_195' title='bbox 450 2935 489 3000; x_wconf 93' lang='lat' dir='ltr'><strong>ad</strong></span> <span class='ocrx_word' id='word_1_196' title='bbox 514 2934 651 3019; x_wconf 90' lang='lat' dir='ltr'><strong>patriam</strong></span> <span class='ocrx_word' id='word_1_197' title='bbox 684 2955 892 3018; x_wconf 85' lang='lat' dir='ltr'><strong>sepenumero</strong></span> <span class='ocrx_word' id='word_1_198' title='bbox 917 2935 1080 3000; x_wconf 87' lang='lat' dir='ltr'><strong>morbosos</strong></span> <span class='ocrx_word' id='word_1_199' title='bbox 1103 2935 1228 3019; x_wconf 82' lang='lat' dir='ltr'><strong>regredi</strong></span> 
     </span>
     <span class='ocr_line' id='line_1_25' title="bbox 77 3039 1227 3124; baseline 0.001 -22"><span class='ocrx_word' id='word_1_200' title='bbox 77 3043 202 3123; x_wconf 86' lang='lat' dir='ltr'><strong>propter</strong></span> <span class='ocrx_word' id='word_1_201' title='bbox 217 3039 306 3104; x_wconf 90' lang='lat' dir='ltr'><strong>cibos</strong></span> <span class='ocrx_word' id='word_1_202' title='bbox 321 3039 438 3104; x_wconf 90' lang='lat' dir='ltr'><strong>ibidem</strong></span> <span class='ocrx_word' id='word_1_203' title='bbox 456 3040 538 3105; x_wconf 86' lang='lat' dir='ltr'><strong>male</strong></span> <span class='ocrx_word' id='word_1_204' title='bbox 554 3043 670 3120; x_wconf 88' lang='lat' dir='ltr'><strong>coctos,</strong></span> <span class='ocrx_word' id='word_1_205' title='bbox 687 3059 809 3104; x_wconf 90' lang='lat' dir='ltr'><strong>necnon</strong></span> <span class='ocrx_word' id='word_1_206' title='bbox 826 3044 859 3103; x_wconf 91' lang='lat' dir='ltr'><strong>et</strong></span> <span class='ocrx_word' id='word_1_207' title='bbox 882 3039 989 3124; x_wconf 88' lang='lat' dir='ltr'><strong>plures</strong></span> <span class='ocrx_word' id='word_1_208' title='bbox 1004 3039 1227 3124; x_wconf 87' lang='lat' dir='ltr'><strong>intempestiva</strong></span> 
     </span>
     <span class='ocr_line' id='line_1_26' title="bbox 79 3143 1225 3230; baseline 0.002 -23"><span class='ocrx_word' id='word_1_209' title='bbox 79 3153 174 3209; x_wconf 88' lang='lat' dir='ltr'><strong>morte</strong></span> <span class='ocrx_word' id='word_1_210' title='bbox 196 3146 232 3209; x_wconf 92' lang='lat' dir='ltr'><strong>in</strong></span> <span class='ocrx_word' id='word_1_211' title='bbox 247 3143 358 3210; x_wconf 87' lang='lat' dir='ltr'><strong>Ytolia</strong></span> <span class='ocrx_word' id='word_1_212' title='bbox 380 3168 447 3212; x_wconf 86' lang='lat' dir='ltr'><strong>esse</strong></span> <span class='ocrx_word' id='word_1_213' title='bbox 463 3146 606 3230; x_wconf 86' lang='lat' dir='ltr'><strong>sepultos</strong></span> <span class='ocrx_word' id='word_1_214' title='bbox 630 3151 689 3210; x_wconf 85' lang='lat' dir='ltr'><strong>otc.</strong></span> <span class='ocrx_word' id='word_1_215' title='bbox 736 3143 832 3224; x_wconf 91' lang='lat' dir='ltr'><strong>Novi,</strong></span> <span class='ocrx_word' id='word_1_216' title='bbox 855 3145 968 3224; x_wconf 81' lang='lat' dir='ltr'><strong>fateor,</strong></span> <span class='ocrx_word' id='word_1_217' title='bbox 993 3166 1096 3209; x_wconf 91' lang='lat' dir='ltr'><strong>mores</strong></span> <span class='ocrx_word' id='word_1_218' title='bbox 1110 3167 1225 3210; x_wconf 90' lang='lat' dir='ltr'><strong>acmo·</strong></span> 
     </span>
     <span class='ocr_line' id='line_1_27' title="bbox 77 3247 1226 3336; baseline 0.003 -26"><span class='ocrx_word' id='word_1_219' title='bbox 77 3247 206 3316; x_wconf 87' lang='lat' dir='ltr'><strong>destiam</strong></span> <span class='ocrx_word' id='word_1_220' title='bbox 236 3251 301 3316; x_wconf 89' lang='lat' dir='ltr'><strong>vite</strong></span> <span class='ocrx_word' id='word_1_221' title='bbox 324 3258 532 3336; x_wconf 87' lang='lat' dir='ltr'><strong>utrorumque</strong></span> <span class='ocrx_word' id='word_1_222' title='bbox 555 3257 598 3331; x_wconf 89' lang='lat' dir='ltr'><strong>et,</strong></span> <span class='ocrx_word' id='word_1_223' title='bbox 623 3252 696 3316; x_wconf 89' lang='lat' dir='ltr'><strong>dum</strong></span> <span class='ocrx_word' id='word_1_224' title='bbox 721 3252 799 3316; x_wconf 90' lang='lat' dir='ltr'><strong>bene</strong></span> <span class='ocrx_word' id='word_1_225' title='bbox 822 3272 872 3315; x_wconf 93' lang='lat' dir='ltr'><strong>me</strong></span> <span class='ocrx_word' id='word_1_226' title='bbox 893 3251 1040 3330; x_wconf 84' lang='lat' dir='ltr'><strong>revolvo,</strong></span> <span class='ocrx_word' id='word_1_227' title='bbox 1070 3271 1226 3335; x_wconf 88' lang='lat' dir='ltr'><strong>nusquam</strong></span> 
     </span>
     <span class='ocr_line' id='line_1_28' title="bbox 79 3355 1228 3441; baseline 0.004 -26"><span class='ocrx_word' id='word_1_228' title='bbox 79 3376 225 3440; x_wconf 89' lang='lat' dir='ltr'><strong>nmquam</strong></span> <span class='ocrx_word' id='word_1_229' title='bbox 248 3359 400 3423; x_wconf 90' lang='lat' dir='ltr'><strong>maiorem</strong></span> <span class='ocrx_word' id='word_1_230' title='bbox 423 3359 497 3422; x_wconf 93' lang='lat' dir='ltr'><strong>novi</strong></span> <span class='ocrx_word' id='word_1_231' title='bbox 520 3356 706 3441; x_wconf 86' lang='lat' dir='ltr'><strong>ingluviem,</strong></span> <span class='ocrx_word' id='word_1_232' title='bbox 731 3357 786 3422; x_wconf 89' lang='lat' dir='ltr'><strong>ubi</strong></span> <span class='ocrx_word' id='word_1_233' title='bbox 810 3361 842 3420; x_wconf 89' lang='lat' dir='ltr'><strong>et</strong></span> <span class='ocrx_word' id='word_1_234' title='bbox 866 3356 1009 3421; x_wconf 91' lang='lat' dir='ltr'><strong>homines</strong></span> <span class='ocrx_word' id='word_1_235' title='bbox 1025 3355 1057 3420; x_wconf 91' lang='lat' dir='ltr'><strong>in</strong></span> <span class='ocrx_word' id='word_1_236' title='bbox 1074 3355 1140 3420; x_wconf 87' lang='lat' dir='ltr'><strong>dies</strong></span> <span class='ocrx_word' id='word_1_237' title='bbox 1155 3356 1228 3440; x_wconf 86' lang='lat' dir='ltr'><strong>plue</strong></span> 
     </span>
     <span class='ocr_line' id='line_1_29' title="bbox 78 3459 1228 3547; baseline 0.003 -26"><span class='ocrx_word' id='word_1_238' title='bbox 78 3480 106 3523; x_wconf 88' lang='lat' dir='ltr'><strong>se</strong></span> <span class='ocrx_word' id='word_1_239' title='bbox 127 3461 332 3547; x_wconf 85' lang='lat' dir='ltr'><strong>ingurgitare</strong></span> <span class='ocrx_word' id='word_1_240' title='bbox 365 3463 517 3540; x_wconf 88' lang='lat' dir='ltr'><strong>student,</strong></span> <span class='ocrx_word' id='word_1_241' title='bbox 548 3462 630 3526; x_wconf 87' lang='lat' dir='ltr'><strong>sicut</strong></span> <span class='ocrx_word' id='word_1_242' title='bbox 653 3462 686 3526; x_wconf 91' lang='lat' dir='ltr'><strong>in</strong></span> <span class='ocrx_word' id='word_1_243' title='bbox 714 3460 924 3540; x_wconf 82' lang='lat' dir='ltr'><strong>Alemannis,</strong></span> <span class='ocrx_word' id='word_1_244' title='bbox 948 3483 985 3524; x_wconf 85' lang='lat' dir='ltr'><strong>ex</strong></span> <span class='ocrx_word' id='word_1_245' title='bbox 1014 3483 1077 3546; x_wconf 91' lang='lat' dir='ltr'><strong>que</strong></span> <span class='ocrx_word' id='word_1_246' title='bbox 1099 3459 1228 3525; x_wconf 88' lang='lat' dir='ltr'><strong>morbos</strong></span> 
     </span>
     <span class='ocr_line' id='line_1_30' title="bbox 82 3565 1226 3651; baseline 0.004 -25"><span class='ocrx_word' id='word_1_247' title='bbox 82 3565 191 3630; x_wconf 87' lang='lat' dir='ltr'><strong>diversi</strong></span> <span class='ocrx_word' id='word_1_248' title='bbox 215 3567 342 3651; x_wconf 88' lang='lat' dir='ltr'><strong>generis</strong></span> <span class='ocrx_word' id='word_1_249' title='bbox 358 3567 518 3651; x_wconf 89' lang='lat' dir='ltr'><strong>procreari</strong></span> <span class='ocrx_word' id='word_1_250' title='bbox 543 3571 576 3630; x_wconf 90' lang='lat' dir='ltr'><strong>et</strong></span> <span class='ocrx_word' id='word_1_251' title='bbox 598 3565 682 3632; x_wconf 90' lang='lat' dir='ltr'><strong>malo</strong></span> <span class='ocrx_word' id='word_1_252' title='bbox 698 3566 803 3651; x_wconf 88' lang='lat' dir='ltr'><strong>sepius</strong></span> <span class='ocrx_word' id='word_1_253' title='bbox 818 3567 880 3630; x_wconf 88' lang='lat' dir='ltr'><strong>fine</strong></span> <span class='ocrx_word' id='word_1_254' title='bbox 896 3567 1061 3631; x_wconf 84' lang='lat' dir='ltr'><strong>terminari</strong></span> <span class='ocrx_word' id='word_1_255' title='bbox 1077 3565 1226 3631; x_wconf 90' lang='lat' dir='ltr'><strong>videmus.</strong></span> 
     </span>
     <span class='ocr_line' id='line_1_31' title="bbox 81 3667 1226 3757; baseline 0.004 -26"><span class='ocrx_word' id='word_1_256' title='bbox 81 3667 176 3735; x_wconf 76' lang='lat' dir='ltr'><strong>litut</strong></span> <span class='ocrx_word' id='word_1_257' title='bbox 199 3692 277 3756; x_wconf 87' lang='lat' dir='ltr'><strong>pace</strong></span> <span class='ocrx_word' id='word_1_258' title='bbox 299 3677 405 3738; x_wconf 89' lang='lat' dir='ltr'><strong>vestra</strong></span> <span class='ocrx_word' id='word_1_259' title='bbox 428 3673 541 3751; x_wconf 89' lang='lat' dir='ltr'><strong>dicam,</strong></span> <span class='ocrx_word' id='word_1_260' title='bbox 564 3694 626 3737; x_wconf 93' lang='lat' dir='ltr'><strong>non</strong></span> <span class='ocrx_word' id='word_1_261' title='bbox 651 3676 698 3736; x_wconf 89' lang='lat' dir='ltr'><strong>est</strong></span> <span class='ocrx_word' id='word_1_262' title='bbox 721 3673 804 3757; x_wconf 92' lang='lat' dir='ltr'><strong>quod</strong></span> <span class='ocrx_word' id='word_1_263' title='bbox 829 3672 931 3754; x_wconf 85' lang='lat' dir='ltr'><strong>magis</strong></span> <span class='ocrx_word' id='word_1_264' title='bbox 953 3672 1108 3751; x_wconf 88' lang='lat' dir='ltr'><strong>detestor,</strong></span> <span class='ocrx_word' id='word_1_265' title='bbox 1133 3695 1226 3757; x_wconf 87' lang='lat' dir='ltr'><strong>quam</strong></span> 
     </span>
     <span class='ocr_line' id='line_1_32' title="bbox 81 3775 1227 3862; baseline 0.002 -24"><span class='ocrx_word' id='word_1_266' title='bbox 81 3775 266 3842; x_wconf 87' lang='lat' dir='ltr'><strong>collaciones</strong></span> <span class='ocrx_word' id='word_1_267' title='bbox 284 3779 366 3860; x_wconf 88' lang='lat' dir='ltr'><strong>ipsas</strong></span> <span class='ocrx_word' id='word_1_268' title='bbox 394 3778 549 3843; x_wconf 86' lang='lat' dir='ltr'><strong>serotinas</strong></span> <span class='ocrx_word' id='word_1_269' title='bbox 565 3779 598 3842; x_wconf 91' lang='lat' dir='ltr'><strong>in</strong></span> <span class='ocrx_word' id='word_1_270' title='bbox 615 3777 822 3842; x_wconf 83' lang='lat' dir='ltr'><strong>universitate</strong></span> <span class='ocrx_word' id='word_1_271' title='bbox 832 3776 994 3862; x_wconf 84' lang='lat' dir='ltr'><strong>Lipczensi</strong></span> <span class='ocrx_word' id='word_1_272' title='bbox 1007 3778 1027 3856; x_wconf 90' lang='lat'><strong>¹,</strong></span> <span class='ocrx_word' id='word_1_273' title='bbox 1044 3799 1106 3862; x_wconf 90' lang='lat' dir='ltr'><strong>que</strong></span> <span class='ocrx_word' id='word_1_274' title='bbox 1121 3779 1147 3841; x_wconf 92' lang='lat' dir='ltr'><strong>si</strong></span> <span class='ocrx_word' id='word_1_275' title='bbox 1163 3777 1227 3841; x_wconf 91' lang='lat' dir='ltr'><strong>dis·</strong></span> 
     </span>
     <span class='ocr_line' id='line_1_33' title="bbox 80 3881 1227 3966; baseline 0.003 -23"><span class='ocrx_word' id='word_1_276' title='bbox 80 3881 217 3960; x_wconf 89' lang='lat' dir='ltr'><strong>putando</strong></span> <span class='ocrx_word' id='word_1_277' title='bbox 225 3887 465 3966; x_wconf 86' lang='lat' dir='ltr'><strong>peragerentur,</strong></span> <span class='ocrx_word' id='word_1_278' title='bbox 475 3881 650 3962; x_wconf 87' lang='lat' dir='ltr'><strong>laudarem,</strong></span> <span class='ocrx_word' id='word_1_279' title='bbox 665 3887 714 3946; x_wconf 89' lang='lat' dir='ltr'><strong>set</strong></span> <span class='ocrx_word' id='word_1_280' title='bbox 726 3882 834 3960; x_wconf 87' lang='lat' dir='ltr'><strong>timeo,</strong></span> <span class='ocrx_word' id='word_1_281' title='bbox 843 3883 1065 3965; x_wconf 90' lang='lat' dir='ltr'><strong>potaeionibus</strong></span> <span class='ocrx_word' id='word_1_282' title='bbox 1077 3884 1227 3947; x_wconf 92' lang='lat' dir='ltr'><strong>maiorem</strong></span> 
     </span>
     <span class='ocr_line' id='line_1_34' title="bbox 79 3985 1226 4071; baseline 0.002 -23"><span class='ocrx_word' id='word_1_283' title='bbox 79 3985 217 4051; x_wconf 81' lang='lat' dir='ltr'><strong>adhiberi</strong></span> <span class='ocrx_word' id='word_1_284' title='bbox 232 4007 360 4070; x_wconf 90' lang='lat' dir='ltr'><strong>operam</strong></span> <span class='ocrx_word' id='word_1_285' title='bbox 377 3990 410 4050; x_wconf 89' lang='lat' dir='ltr'><strong>et</strong></span> <span class='ocrx_word' id='word_1_286' title='bbox 426 3987 458 4050; x_wconf 94' lang='lat' dir='ltr'><strong>in</strong></span> <span class='ocrx_word' id='word_1_287' title='bbox 485 3987 599 4050; x_wconf 89' lang='lat' dir='ltr'><strong>eisdem</strong></span> <span class='ocrx_word' id='word_1_288' title='bbox 616 3985 832 4050; x_wconf 87' lang='lat' dir='ltr'><strong>adulescentes</strong></span> <span class='ocrx_word' id='word_1_289' title='bbox 846 3987 1018 4066; x_wconf 88' lang='lat' dir='ltr'><strong>assuefieri,</strong></span> <span class='ocrx_word' id='word_1_290' title='bbox 1042 4009 1136 4071; x_wconf 90' lang='lat' dir='ltr'><strong>quam</strong></span> <span class='ocrx_word' id='word_1_291' title='bbox 1152 4008 1226 4052; x_wconf 89' lang='lat' dir='ltr'><strong>con·</strong></span> 
     </span>
     <span class='ocr_line' id='line_1_35' title="bbox 81 4090 1228 4174; baseline 0.005 -24"><span class='ocrx_word' id='word_1_292' title='bbox 81 4093 308 4158; x_wconf 79' lang='lat' dir='ltr'><strong>versacionibus</strong></span> <span class='ocrx_word' id='word_1_293' title='bbox 331 4091 554 4157; x_wconf 88' lang='lat' dir='ltr'><strong>laudabilibus.</strong></span> <span class='ocrx_word' id='word_1_294' title='bbox 601 4090 767 4156; x_wconf 87' lang='lat' dir='ltr'><strong>Prodesset</strong></span> <span class='ocrx_word' id='word_1_295' title='bbox 790 4091 933 4174; x_wconf 85' lang='lat' dir='ltr'><strong>profecto</strong></span> <span class='ocrx_word' id='word_1_296' title='bbox 954 4094 993 4157; x_wconf 90' lang='lat' dir='ltr'><strong>de</strong></span> <span class='ocrx_word' id='word_1_297' title='bbox 1009 4092 1228 4157; x_wconf 85' lang='lat' dir='ltr'><strong>communibus</strong></span> 
     </span>
     <span class='ocr_line' id='line_1_36' title="bbox 81 4196 1226 4282; baseline 0.004 -24"><span class='ocrx_word' id='word_1_298' title='bbox 81 4197 187 4262; x_wconf 86' lang='lat' dir='ltr'><strong>studiis</strong></span> <span class='ocrx_word' id='word_1_299' title='bbox 202 4219 265 4262; x_wconf 91' lang='lat' dir='ltr'><strong>nna</strong></span> <span class='ocrx_word' id='word_1_300' title='bbox 281 4219 353 4262; x_wconf 89' lang='lat' dir='ltr'><strong>curn</strong></span> <span class='ocrx_word' id='word_1_301' title='bbox 369 4197 530 4262; x_wconf 87' lang='lat' dir='ltr'><strong>sodalibus</strong></span> <span class='ocrx_word' id='word_1_302' title='bbox 546 4197 657 4262; x_wconf 93' lang='lat' dir='ltr'><strong>crebro</strong></span> <span class='ocrx_word' id='word_1_303' title='bbox 676 4196 831 4278; x_wconf 81' lang='lat' dir='ltr'><strong>conferre,</strong></span> <span class='ocrx_word' id='word_1_304' title='bbox 855 4199 1020 4282; x_wconf 85' lang='lat' dir='ltr'><strong>potissime</strong></span> <span class='ocrx_word' id='word_1_305' title='bbox 1036 4200 1111 4263; x_wconf 92' lang='lat' dir='ltr'><strong>dum</strong></span> <span class='ocrx_word' id='word_1_306' title='bbox 1128 4198 1226 4263; x_wconf 87' lang='lat' dir='ltr'><strong>colla·</strong></span> 
     </span>
    </p>
   </div>
   <div class='ocr_carea' id='block_1_5' title="bbox 81 4301 1227 4468">
    <p class='ocr_par' dir='ltr' id='par_1_6' title="bbox 81 4301 1227 4468">
     <span class='ocr_line' id='line_1_37' title="bbox 81 4301 1227 4388; baseline 0.005 -26"><span class='ocrx_word' id='word_1_307' title='bbox 81 4301 216 4367; x_wconf 79' lang='lat' dir='ltr'><strong>sionibus</strong></span> <span class='ocrx_word' id='word_1_308' title='bbox 242 4306 353 4368; x_wconf 90' lang='lat' dir='ltr'><strong>mutuo</strong></span> <span class='ocrx_word' id='word_1_309' title='bbox 376 4302 567 4367; x_wconf 88' lang='lat' dir='ltr'><strong>interessent</strong></span> <span class='ocrx_word' id='word_1_310' title='bbox 581 4301 764 4388; x_wconf 89' lang='lat' dir='ltr'><strong>frequentes</strong></span> <span class='ocrx_word' id='word_1_311' title='bbox 786 4304 1050 4369; x_wconf 86' lang='lat' dir='ltr'><strong>conversaciones.</strong></span> <span class='ocrx_word' id='word_1_312' title='bbox 1097 4303 1227 4369; x_wconf 87' lang='lat' dir='ltr'><strong>Ydonea</strong></span> 
     </span>
     <span class='ocr_line' id='line_1_38' title="bbox 646 4430 663 4468; baseline 0 0"><span class='ocrx_word' id='word_1_313' title='bbox 646 4430 663 4468; x_wconf 84' lang='grc'>*</span> 
     </span>
    </p>
   </div>
   <div class='ocr_carea' id='block_1_6' title="bbox 129 4527 1138 4690">
    <p class='ocr_par' dir='ltr' id='par_1_7' title="bbox 129 4527 1138 4690">
     <span class='ocr_line' id='line_1_39' title="bbox 151 4527 1138 4598; baseline 0.001 -16"><span class='ocrx_word' id='word_1_314' title='bbox 151 4530 162 4582; x_wconf 95' lang='lat' dir='ltr'><strong>l</strong></span> <span class='ocrx_word' id='word_1_315' title='bbox 185 4527 250 4598; x_wconf 85' lang='lat' dir='ltr'><strong>Vgl.</strong></span> <span class='ocrx_word' id='word_1_316' title='bbox 270 4527 392 4582; x_wconf 82' lang='lat' dir='ltr'><strong>darilber</strong></span> <span class='ocrx_word' id='word_1_317' title='bbox 411 4527 531 4582; x_wconf 84' lang='lat' dir='ltr'><strong>Paulsen</strong></span> <span class='ocrx_word' id='word_1_318' title='bbox 550 4527 579 4582; x_wconf 91' lang='lat' dir='ltr'><strong>in</strong></span> <span class='ocrx_word' id='word_1_319' title='bbox 600 4527 697 4598; x_wconf 86' lang='lat' dir='ltr'><strong>Sybels</strong></span> <span class='ocrx_word' id='word_1_320' title='bbox 720 4529 788 4585; x_wconf 84' lang='lat' dir='ltr'><strong>Hiet.</strong></span> <span class='ocrx_word' id='word_1_321' title='bbox 801 4529 959 4585; x_wconf 84' lang='lat' dir='ltr'><strong>Zeitacbriit</strong></span> <span class='ocrx_word' id='word_1_322' title='bbox 978 4529 1059 4592; x_wconf 84' lang='lat' dir='ltr'><strong>XLV,</strong></span> <span class='ocrx_word' id='word_1_323' title='bbox 1078 4532 1138 4585; x_wconf 81' lang='lat'>409.</span> 
     </span>
     <span class='ocr_line' id='line_1_40' title="bbox 129 4633 1017 4690; baseline 0 -16"><span class='ocrx_word' id='word_1_324' title='bbox 129 4633 233 4676; x_wconf 68' lang='lat' dir='ltr'><strong>masau.</strong></span> <span class='ocrx_word' id='word_1_325' title='bbox 1002 4637 1017 4690; x_wconf 80' lang='lat'><strong>5</strong></span> 
     </span>
    </p>
   </div>
   <div class='ocr_carea' id='block_1_7' title="bbox 0 0 1506 5070">
    <p class='ocr_par' dir='ltr' id='par_1_8' title="bbox 0 0 1506 5070">
     <span class='ocr_line' id='line_1_41' title="bbox 0 0 1506 5070; baseline 0 0"><span class='ocrx_word' id='word_1_326' title='bbox 0 0 1506 5070; x_wconf 95' lang='lat' dir='ltr'><strong> </strong></span> 
     </span>
    </p>
   </div>
  </div>
 </body>
</html>
