3002 5070
851 399 893 466 78

288 573 437 660 Namque
460 581 492 641 et
524 576 644 662 quietis
668 577 829 654 libertate,
852 576 976 640 iusticie
998 575 1095 654 cultu,
1119 574 1251 642 solercia
1274 597 1428 645 armorum,

287 681 469 747 reverencia
491 681 610 762 legum,
643 681 854 745 finitimarum
879 681 1026 766 gencium
1050 680 1224 766 {amicicijs¹
1258 681 1430 744 maturitate

289 807 423 864 morum,
447 786 607 870 gravitate
637 786 808 850 verborum
832 791 864 850 et
886 807 1016 868 operum
1037 787 1258 862 obtinuerunt,
1282 790 1320 849 nt
1341 787 1430 848 orben

289 891 470 957 subicerent
493 891 637 956 dicioni«
696 889 763 954 Hec
795 891 861 955 ille.
911 889 999 958 Unde
1027 913 1103 977 ergo
1137 893 1212 956 licet
1242 893 1348 956 dicere
1375 912 1429 954 cun

287 993 483 1060 Justiniano:
517 993 626 1060 »Felix
639 993 852 1060 Romanorum
875 1016 976 1080 genus
997 997 1144 1062 omnibus
1167 997 1318 1081 anteponi
1344 996 1430 1060 necio

288 1102 382 1166 nibus
405 1105 437 1166 et
463 1100 611 1165 omnibns
634 1100 786 1182 gentibus
801 1100 958 1165 dominari
975 1107 1041 1166 tam
1061 1104 1226 1187 preteritis
1248 1102 1354 1166 effecit
1368 1107 1430 1165 tenr-

288 1207 420 1290 poribns
443 1227 538 1291 quarn
561 1206 619 1270 deo
642 1205 785 1288 propicio
808 1206 842 1269 in
865 1211 1011 1272 eternum
1036 1207 1183 1272 efficiet«
1227 1207 1330 1272 lmmo
1354 1213 1429 1290 poeta

288 1312 481 1377 clarissimus
489 1310 660 1396 Virgilius:
686 1309 755 1374 »Tu
772 1331 880 1396 regere
896 1313 1031 1395 imperio
1054 1313 1197 1396 populos,
1215 1311 1365 1390 Romane,
1381 1334 1430 1374 me·

289 1423 406 1482 mento.
460 1415 528 1482 Hec
549 1416 610 1481 tibi
640 1421 734 1480 erunt
769 1421 854 1480 artes
877 1417 963 1501 pacis
990 1419 1154 1500 imponere
1186 1419 1289 1501 leges,
1322 1438 1431 1500 parcere

288 1521 439 1588 subiectis
453 1525 486 1586 et
501 1519 660 1585 debellare
689 1520 861 1603 superbos«
888 1527 921 1584 et
946 1521 1134 1604 »imperium
1156 1523 1224 1587 sine
1251 1523 1335 1586 fine«
1361 1522 1429 1584 etc.¹

291 1627 381 1692 Unde
415 1628 603 1692 novissimus
634 1633 731 1709 poeta
767 1624 953 1692 l'ranciscus
982 1627 1132 1692 Petrarca
1164 1633 1289 1692 noster:
1330 1627 1430 1692 »Roma

289 1734 398 1799 mundi
431 1739 544 1818 capnt,
579 1731 706 1796 urbium
739 1731 860 1816 regina,
891 1733 979 1796 sedes
1007 1733 1151 1816 imperii,
1183 1755 1238 1796 ara
1265 1733 1339 1797 fidei
1362 1739 1428 1796 cato

290 1841 359 1919 lice,
383 1839 453 1904 lons
474 1839 616 1902 omnium
643 1839 896 1904 memorabilium
922 1840 1173 1924 exemplorurn.‹
1231 1841 1348 1906 Beatus
1363 1839 1430 1924 Hye-

290 1945 430 2010 ronimus
463 1945 562 2008 eciam
596 1943 728 2009 Romam
767 1946 876 2010 laudat
909 1953 943 2010 et
971 1947 1070 2030 ipsam
1108 1947 1271 2012 laudatam
1304 1950 1343 2012 ab
1370 1966 1429 2028 apo

289 2050 373 2115 stolo
395 2049 486 2129 dicit,
507 2055 540 2115 et
570 2056 643 2133 post
685 2049 846 2134 apostolos
876 2051 1097 2136 ewangelistae
1126 2053 1274 2117 doctores
1304 2055 1429 2136 quatuor.

290 2177 425 2241 qnorum
449 2155 510 2219 duo
536 2155 671 2219 fuerunt
695 2153 840 2219 Romani.
887 2155 979 2220 Titus
1002 2155 1121 2236 Livius,
1147 2157 1244 2222 lactee
1269 2155 1430 2242 eloquencie

288 2261 347 2339 vir,
370 2260 475 2344 inquit
497 2259 581 2325 libro
605 2261 708 2343 primo
738 2283 868 2325 suarum
883 2261 1054 2326 decadum:
1094 2261 1213 2326 »Nulla
1229 2284 1377 2348 nmquam
1392 2279 1428 2322 res

289 2365 417 2451 publica
440 2387 497 2430 nec
520 2366 621 2430 maior
644 2387 701 2431 nec
732 2367 871 2430 sanctior
894 2387 952 2431 nec
969 2367 1060 2432 bonis
1077 2368 1231 2452 exemplis
1256 2370 1354 2434 ditior
1373 2365 1427 2430 init

290 2469 320 2536 N
323 2493 358 2536 ec
374 2473 515 2558 inquam
530 2471 693 2536 civitatem
719 2477 784 2536 tam
803 2493 872 2536 sera
888 2473 1025 2538 avaricia
1040 2471 1229 2558 luxuriaque
1252 2473 1427 2560 migraverit.

289 2598 347 2642 nec
368 2577 425 2643 nbi
448 2581 556 2641 tantus
578 2598 615 2642 ac
638 2581 706 2640 tam
737 2577 792 2644 diu
808 2579 988 2662 paupertati
1001 2599 1039 2642 ac
1053 2579 1246 2662 parsimonie
1264 2577 1428 2644 bonoefnit.

291 2685 418 2760 Quanto
433 2704 538 2747 rerum
555 2683 670 2762 minus,
693 2687 784 2746 tanto
800 2685 906 2747 miuus
932 2684 1117 2766 cupiditatis
1133 2689 1229 2749 erat«
1274 2683 1426 2750 Secundum

279 2785 390 2854 ”eciam
413 2790 540 2854 beatum
559 2789 786 2872 dogmaticum,
812 2789 921 2854 ubido
950 2791 1123 2854 virtutibus
1137 2790 1286 2874 loquitur
1298 2790 1319 2870 ²,
1342 2789 1427 2854 nullus

291 2895 460 2960 virtuosior
483 2895 601 2978 populo
620 2915 762 2970 romano,
787 2893 841 2957 ubi
867 2915 942 2958 vero
964 2895 1002 2959 de
1019 2895 1110 2978 vicije
1137 2893 1244 2959 nullus
1268 2891 1426 2960 viciniori

290 2999 359 3065 Hoc
382 3006 487 3066 tamen
516 3001 669 3066 viciosum
699 3000 727 3062 si
752 3000 877 3083 quando
899 3001 1010 3079 venit,
1040 3021 1102 3065 non
1134 3001 1215 3064 artis
1237 3007 1296 3065 aut
1319 2999 1426 3064 institn-

292 3107 391 3170 cionis
415 3104 605 3184 laudabilis,
636 3111 684 3170 set
708 3125 827 3180 eorum,
854 3105 908 3189 qni
942 3106 1012 3169 istis
1046 3107 1236 3183 abutuntur,
1263 3128 1321 3172 non
1349 3103 1426 3169 venit

291 3211 389 3276 Nullo
421 3213 503 3276 eninr
529 3217 594 3276 tam
619 3213 700 3276 bone
723 3211 945 3276 instituciones
975 3219 1030 3276 aut
1063 3219 1151 3278 artes
1173 3217 1260 3292 suut,
1286 3235 1346 3299 que
1365 3209 1426 3274 ebu-

290 3319 426 3382 tentium
450 3318 530 3382 vicio
553 3317 720 3400 depravari
736 3316 786 3380 vel
811 3317 929 3400 privari
946 3339 1008 3382 non
1039 3318 1173 3402 possint.
1220 3317 1336 3383 Nonne
1350 3333 1426 3399 queso

291 3421 437 3507 teolegio,
460 3421 539 3486 iuris
563 3421 674 3500 civilis,
699 3422 852 3486 medicine
875 3426 908 3487 et
931 3422 1128 3509 reliquarum
1148 3425 1304 3488 bonarum
1326 3420 1424 3486 arcium

291 3528 437 3606 sciencia,
461 3526 600 3592 hnmano
616 3529 725 3611 generi
742 3528 877 3592 multum
899 3529 1082 3607 necessaria,
1099 3530 1310 3594 nobistamen
1334 3543 1424 3590 nccerr

291 3637 407 3714 potest,
430 3633 457 3696 si
481 3635 552 3716 quis
574 3634 639 3698 illis
661 3635 804 3698 imbutus
828 3656 994 3718 perperam
1018 3636 1066 3698 uti
1089 3635 1190 3700 velit?
1215 3671 1259 3682 -—
1283 3633 1370 3699 Forte
1388 3627 1424 3690 di·

291 3739 379 3817 cetis,
406 3739 461 3804 bec
484 3739 528 3802 sic
551 3739 589 3803 de
606 3739 758 3805 Romanis
773 3741 894 3824 scripta
908 3741 987 3804 olim
1005 3745 1085 3824 aput
1110 3739 1270 3805 Romanos
1286 3737 1424 3804 claruisse.

291 3843 365 3908 dum
389 3845 497 3908 orbem
522 3845 625 3926 ipsum
642 3843 729 3909 felici
746 3845 902 3928 regimine
931 3845 1165 3928 gubernabant,
1188 3865 1273 3909 nnnc
1297 3862 1364 3906 vero
1378 3837 1423 3900 mi·

291 3948 387 4012 nime.
434 3947 544 4027 Credo,
569 3948 662 4012 bodie
685 3949 743 4013 bec
765 3953 799 4012 et
821 3951 942 4013 maiora
969 3972 1063 4033 quam
1089 3971 1240 4034 umquam
1263 3951 1308 4013 eis
1329 3947 1424 4014 adesce,

235 4127 238 4132 Α
291 4076 493 4139 quamquam,
527 4056 704 4134 utstatim,
728 4057 1051 4138 supraabutencium
1076 4055 1238 4138 pravitate
1261 4060 1293 4118 et
1315 4049 1423 4116 estima-
1464 4045 1465 4138 ζ

860 4208 877 4244 rb

364 4299 375 4352 l
396 4297 434 4350 Zu
453 4297 556 4352 diesem
569 4299 645 4352 satae
660 4313 706 4350 am
720 4296 821 4351 rande:
842 4301 930 4352 vacat.
996 4297 1243 4366 conloquimur.
1296 4299 1312 4352 3
1330 4297 1359 4350 In
1371 4291 1422 4345 Gor·

292 4387 427 4442 cembrote
446 4385 510 4442 rede
522 4385 598 4456 lolgt
615 4403 673 4440 nnn
693 4387 762 4440 noch
782 4385 888 4454 einiges
907 4386 941 4440 de
958 4385 1036 4442 viciis
1052 4387 1250 4450 Rornanorum,
1269 4403 1324 4440 vves
1344 4381 1422 4436 natir-

290 4473 346 4528 licb
366 4471 479 4528 Schedel
501 4473 578 4528 nicht
597 4473 735 4527 brauchen
755 4473 841 4529 kann.
