3062 5068
662 399 725 466 207

116 573 201 659 eepi,
227 595 291 658 quo
305 595 501 658 magnopere
519 574 610 640 letor.
657 575 850 660 Expectatus
867 582 942 641 tuus
958 577 1077 641 reditus
1100 577 1273 661 plurimum

114 680 227 766 gaudij
252 680 348 745 eertie
371 679 485 744 attulit
506 683 674 761 matronis,
700 683 782 765 quod
809 687 864 746 tua
887 683 1039 747 haetenus
1061 683 1274 768 interceperat

117 786 278 865 absentia,
302 807 360 850 nee
384 785 537 851 minorem
566 784 657 850 illum
681 791 772 851 tunm
802 787 940 852 reditum
964 787 1103 854 leticiam
1127 788 1274 872 pluribus

115 893 228 958 eredas
251 891 407 969 attulisse,
431 912 526 976 quam
551 913 704 958 merorem
729 893 881 958 discessus
910 897 984 959 tuus
1006 894 1169 959 attulerat.
1219 895 1273 962 Set

116 998 225 1084 quid?
266 995 432 1060 Vallieiunr
453 996 461 1032 ¹
486 1001 577 1062 tuum
603 995 886 1076 Kireaemaeberin,
910 998 990 1063 aliae
1013 1005 1170 1079 scortum,
1201 1023 1272 1066 eum

115 1125 181 1188 quo
203 1101 294 1167 flexis
331 1101 476 1186 genubus
506 1103 698 1168 industria
727 1103 834 1187 aepiue
866 1104 978 1170 devota
1002 1104 1135 1170 Veneria
1157 1108 1273 1192 agebas

114 1209 211 1287 festa
233 1208 367 1272 dedeeue
389 1206 489 1272 maine
505 1211 584 1290 aput
600 1205 732 1272 dilectae
748 1206 808 1272 boe
823 1207 856 1272 in
872 1208 943 1275 loeo
961 1209 1020 1274 tibi
1037 1211 1153 1294 pariet,
1176 1233 1271 1296 quam

114 1311 308 1402 b0n[0rem].
358 1311 458 1378 Hodie
481 1313 565 1377 enirn
587 1311 668 1377 mibi
690 1311 818 1378 obviam
846 1312 976 1397 publiea
998 1315 1030 1378 in
1054 1315 1162 1399 platea
1185 1317 1274 1381 dedit

113 1421 213 1485 etde
236 1417 398 1485 tuomibi
421 1418 564 1484 adventu
600 1419 735 1485 ioeuudo
769 1419 856 1484 omui
882 1440 954 1486 eum
984 1419 1147 1485 hilaritate
1170 1421 1273 1487 eordia

112 1525 164 1590 eni
187 1523 312 1590 retulit
357 1521 513 1589 Subiunxi
541 1523 629 1590 inter
662 1529 768 1590 uetera
790 1529 823 1589 te
848 1545 932 1590 nune
961 1524 1083 1591 balneis
1106 1526 1174 1591 tine
1196 1549 1272 1611 ope·

114 1651 186 1694 ram
209 1630 294 1708 dare,
318 1649 380 1712 que
394 1628 465 1694 ait:
489 1625 577 1694 »Nee
598 1627 705 1712 iprum
729 1629 858 1693 visitare
880 1629 960 1694 inibi
977 1628 1044 1695 ullo
1059 1638 1155 1715 paeto
1176 1634 1271 1697 omit-

113 1741 196 1813 tam,
218 1755 340 1800 memor
359 1733 549 1810 verborum,
584 1734 699 1819 quibua
730 1754 804 1818 sepe
826 1733 1006 1801 refoeillau
1035 1758 1094 1820 per
1119 1759 1189 1802 eum
1213 1737 1271 1819 fui,

114 1841 194 1905 dnm
215 1861 338 1906 meeum
370 1838 485 1904 oeeulie
521 1838 688 1904 fruebatur
710 1838 856 1904 duleibne
889 1845 922 1905 et
944 1841 1115 1920 amoroeie,
1153 1843 1199 1907 ita
1222 1843 1271 1908 in·

114 1948 245 2032 quiens:
271 1945 370 2011 Crede
385 1944 493 2023 miehi,
515 1965 586 2010 mea
601 1945 666 2024 lux,
690 1948 816 2010 tantum
840 1951 873 2011 te
894 1945 1005 2030 diligo,
1029 1952 1184 2032 quantum
1208 1971 1271 2014 uon

113 2052 221 2137 magis
253 2074 291 2117 ex
319 2051 425 2115 animo
448 2051 592 2137 quiaquia
615 2073 723 2116 amare
756 2056 882 2137 queat«
930 2051 1116 2118 Neeeeeario
1142 2054 1272 2119 deloco

113 2159 245 2243 privato
275 2157 441 2241 previdere
464 2155 611 2234 hebebis,
645 2155 701 2220 ubi
725 2155 824 2239 ipsam
856 2155 965 2221 audire
988 2179 1024 2222 ae
1046 2157 1195 2241 expedire
1218 2179 1271 2222 va·

112 2262 182 2327 leae
203 2262 243 2327 de
263 2263 324 2328 albi
347 2261 530 2327 eommieeie.
566 2259 659 2325 utut
681 2258 768 2326 salve
797 2262 863 2325 siut
885 2283 934 2326 res
964 2263 1107 2346 cogitare
1131 2262 1270 2343 babebis,

112 2390 192 2433 nam
223 2367 284 2432 niei
308 2373 379 2432 antu
402 2372 600 2447 tractentur,
623 2367 656 2432 in
683 2367 812 2432 irritum
835 2369 979 2434 evadent.
1025 2367 1076 2434 lta
1098 2369 1271 2453 flagranter

111 2479 147 2540 te
171 2495 279 2539 amare
312 2474 434 2554 aeneio,
470 2475 506 2537 ut
532 2471 634 2538 faeilie
666 2478 698 2537 te
720 2474 918 2558 amplexibus
950 2472 1147 2539 dulcorosie²
1177 2496 1271 2560 super

110 2600 231 2663 eorpua
253 2600 346 2644 auum
369 2578 468 2644 ariete
492 2578 642 2643 leviorem
659 2577 751 2656 ferat,
773 2580 822 2643 uti
852 2615 889 2628 -
920 2585 956 2644 ut
978 2584 1090 2644 narrat
1105 2617 1148 2628 -
1164 2582 1271 2665 sepius

111 2689 333 2762 consueverat,
358 2684 458 2749 donee
482 2680 675 2769 [exeueeie]⁸
699 2683 765 2748 tuie
789 2683 919 2749 renibus
943 2685 1005 2749 tibi
1030 2689 1062 2749 et
1085 2686 1200 2750 ceteris
1222 2686 1269 2749 di·

110 2795 222 2855 catur:
257 2785 402 2856 Claudite
424 2788 519 2866 rivoe,
541 2793 589 2852 eet
614 2793 672 2868 eet,
694 2795 787 2872 prata
811 2789 970 2855 biberunt.

589 3029 798 3038 *—

654 3211 738 3286 102.

139 3367 336 3443 Hermann
364 3367 520 3444 Schedel
548 3391 595 3442 au
625 3369 816 3468 [Valentia
844 3371 952 3444 llber.
1008 3371 1232 3468 Nuruberg}

475 3526 537 3582 clm.
557 3527 609 3581 224
628 3526 647 3582 f.
666 3527 726 3582 284.
763 3527 886 3598 Goueept
895 3528 915 3584 ⁴.

111 3635 849 3735 Ubereendungeineealmauach.
889 3649 1269 3735 Entechuldigung

157 3758 317 3822 eeiuer
340 3755 754 3841 ausgelaeeenheit
778 3757 843 3820 bei
867 3755 989 3820 Ebere
1015 3755 1223 3822 boebueit.

200 3912 233 3978 S.
257 3934 287 3997 p.
311 3913 340 3978 d.
394 3911 631 3980 Preelurissime
654 3913 720 3992 vir,
750 3913 851 3978 amice
882 3935 919 3978 ae
942 3914 1103 3980 lautorum
1125 3915 1267 3978 omnium

682 4051 699 4084 Ἰ

184 4133 197 4187 1
221 4132 303 4188 Kann
321 4130 367 4188 ich
385 4131 464 4186 nieht
482 4129 619 4186 erklereu.
690 4131 707 4184 2
725 4129 751 4183 S.
766 4131 808 4184 Du
820 4130 915 4201 Gange
932 4149 953 4185 e.
967 4148 994 4185 v.
1088 4130 1105 4186 3
1125 4130 1268 4186 Teilweiee

112 4221 340 4291 abgeeebnitten.
394 4218 710 4275 lSehruuordeutlieb.
743 4217 861 4274 Adreeee
873 4219 944 4273 nauh
958 4219 1049 4273 einem
1063 4217 1099 4272 Mi
1114 4217 1267 4273 valentine

111 4308 140 4362 in
154 4307 233 4364 einer
243 4307 347 4362 wieder
357 4307 551 4378 gestuiebenen
565 4306 657 4361 atelle.
694 4305 763 4360 Waa
788 4305 838 4362 der
858 4307 932 4362 briei
942 4307 1012 4362 uoeh
1026 4306 1107 4361 batte
1119 4306 1267 4361 entbalten

112 4395 210 4462 eolleu,
223 4395 301 4450 utebt
314 4394 366 4451 aul
376 4395 535 4450 demaelbeu
550 4393 641 4450 blatt:
662 4394 701 4450 lle
715 4393 797 4450 Petro
809 4393 844 4449 de
855 4393 1023 4463 Oreeeeneije
1037 4396 1066 4449 et
1078 4393 1113 4449 de
1125 4395 1267 4466 perpetuis

112 4483 240 4538 oenuuus
260 4481 420 4556 [ewiggeld]
440 4483 493 4538 eibi
505 4481 701 4552 eomparaudie
721 4485 750 4536 et
773 4482 888 4539 (leonine
907 4484 940 4536 ut
958 4480 1058 4537 mittat
1075 4481 1189 4538 literam
1209 4500 1267 4537 ma-
