3002 5070
804 393 847 458 68

246 570 326 635 mihi
342 573 545 636 coniunctum
572 571 759 636 adhortatus
775 568 885 649 fueris,
910 570 942 634 in
959 590 998 633 eo
1014 591 1079 634 rem
1098 569 1176 634 mihi
1191 569 1404 655 pergratissi·

243 697 326 739 mam
349 677 534 742 exhibuisti.
581 675 665 741 Nam
690 681 726 740 ut
748 675 851 740 literis
874 677 942 740 eius
964 675 1082 760 accepi,
1106 675 1282 740 amiciciam
1307 697 1403 740 suam

242 780 322 845 mihi
356 802 480 866 semper
501 782 711 848 desideratam
733 781 895 868 integram
918 781 1073 866 cognovi,
1105 781 1188 868 quod
1220 782 1403 846 maximum

242 886 371 970 quidem
398 887 505 952 animo
534 909 603 952 meo
632 886 783 972 gaudium
815 887 999 955 cumulavit
1052 885 1246 952 Plueuerunt
1269 891 1303 951 et
1325 909 1405 952 car·

241 990 328 1056 mina
350 1013 407 1056 sue.
428 992 494 1057 filie
517 993 665 1079 magistri
688 991 804 1057 civium
837 998 870 1056 et
893 993 1022 1078 quidem
1045 993 1193 1072 maxime,
1217 991 1407 1058 delectatur

241 1096 325 1161 enim
348 1097 382 1161 in
404 1097 503 1181 hijsce
525 1100 619 1166 rebus
641 1119 706 1164 non
730 1099 822 1162 modo
849 1098 918 1163 filia
952 1104 1000 1165 set
1022 1104 1055 1165 et
1078 1099 1146 1183 ipse
1171 1099 1326 1184 magister
1354 1100 1407 1164 ci-

241 1201 339 1283 vium,
362 1203 418 1288 qui
440 1203 517 1268 setis
539 1204 650 1288 pulcre
672 1208 775 1269 artem
799 1205 932 1270 canendi
956 1205 1144 1290 adquisivit.
1190 1203 1259 1270 Scit
1281 1211 1315 1269 et
1329 1204 1407 1269 filia

240 1327 297 1372 sua
319 1305 458 1373 Sibilla¹
488 1306 737 1393 compunctum²
768 1307 872 1373 facere
903 1313 935 1374 et
968 1308 1135 1392 evestigio,
1158 1329 1220 1394 que
1253 1308 1407 1375 subiecta

240 1412 361 1480 fuerint
385 1413 503 1496 oculis,
528 1415 685 1480 cantando
709 1413 857 1480 formare.
912 1413 994 1480 Vale
1016 1419 1050 1478 et
1075 1415 1109 1478 in
1132 1414 1226 1479 rebus
1250 1414 1340 1494 meis,
1368 1421 1408 1479 ut

240 1539 365 1603 semper
396 1519 508 1601 fecisti,
543 1521 746 1606 diligenciam
774 1526 918 1586 exactam
948 1520 1050 1586 facere
1083 1541 1145 1584 non
1169 1519 1340 1604 pigriteris
1366 1527 1404 1586 et

241 1643 311 1707 ego,
335 1625 490 1711 quicquid
506 1625 618 1692 honori
635 1630 691 1691 tuo
707 1627 903 1711 congruerit,
923 1626 1061 1690 libenter
1077 1626 1264 1710 procurabo.
1303 1626 1406 1690 Anno

240 1735 300 1794 etc.
339 1728 404 1796 LX.
429 1731 462 1796 in
485 1731 537 1797 die
559 1733 610 1799 sti.
636 1729 797 1817 Gregorij.

713 1961 918 1972 ψ--

786 2084 847 2157 30.

241 2219 419 2296 Valentin
434 2219 529 2296 luber
558 2248 606 2296 an
635 2223 850 2320 Sigismund
865 2223 1120 2299 Gossembrot.
1165 2224 1402 2300 Wien1460

727 2348 823 2442 april
856 2348 887 2421 l.

427 2529 492 2583 clm.
512 2530 562 2584 504
582 2529 602 2584 l.
620 2529 697 2584 399³.
728 2529 872 2584 Abschritt
892 2529 1053 2584 llartmann
1071 2529 1208 2585 Schedels.

318 2651 569 2718 Politisahe
591 2654 666 2718 und
691 2654 967 2739 persbnliche
991 2655 1315 2722 uaclrrichten³.

328 2791 484 2858 Premissa
498 2793 547 2858 sui
562 2793 662 2877 ipsius
677 2795 987 2859 recommendatione
1001 2795 1124 2861 sincera
1139 2819 1172 2860 se
1187 2801 1294 2861 totum
1318 2799 1395 2883 plu·

239 2900 319 2963 rima
341 2920 411 2962 cum
434 2897 545 2962 salute.
591 2897 826 2983 Spectatissime
849 2900 917 2965 vir!
942 2899 1049 2966 Habui
1082 2903 1237 2986 superiori
1262 2904 1314 2970 die
1336 2905 1395 2970 lit·

239 3009 323 3068 teras
347 3008 467 3068 vestras
488 3003 568 3067 mihi
594 3004 718 3090 quidem
743 3007 1021 3091 pergratissimas,
1045 3007 1161 3093 quibus
1185 3011 1392 3093 presentibus

239 3107 488 3192 respondendum
512 3109 621 3186 statui,
644 3115 830 3200 nontamen
855 3132 918 3197 quo
935 3111 1013 3196 ipsis
1037 3111 1245 3195 satisfaciam,
1271 3136 1343 3180 cum
1361 3117 1393 3182 id

238 3235 335 3299 supra
357 3213 477 3298 ingenij
510 3215 573 3278 mei
595 3215 678 3280 vires
701 3216 896 3301 intelligam,
932 3239 1039 3282 rerum
1064 3239 1127 3303 quo
1149 3217 1290 3284 officium
1315 3243 1394 3307 erga

238 3341 293 3384 vos
330 3341 435 3384 meum
470 3317 683 3405 effectumque
706 3320 940 3405 aliquantisper
962 3324 1173 3406 cognoscatis,
1201 3326 1261 3390 hoc
1283 3331 1393 3394 tamen

239 3426 369 3505 addito,
402 3429 438 3488 ut
462 3445 532 3489 cum
556 3427 726 3512 sagacitati
749 3433 852 3492 vestre
882 3428 976 3511 longe
999 3428 1152 3493 minorem
1178 3451 1228 3495 me
1251 3432 1398 3498 videritis

240 3531 462 3616 incultumque
501 3529 694 3615 epistulandi
725 3529 834 3596 stilum
868 3532 1086 3616 inspexeritis,
1114 3534 1232 3616 partim
1256 3537 1395 3622 denique

237 3635 451 3722 inquietudini
475 3634 625 3701 hocloco
649 3657 715 3700 mee
731 3636 854 3700 veniam
878 3637 952 3701 dare
974 3637 1091 3703 velitis.
1131 3637 1183 3704 Me
1205 3642 1290 3706 eninr
1314 3666 1392 3710 one-

804 3759 822 3796 ὴ

310 3849 321 3900 l
342 3844 443 3901 Sibilla
461 3844 649 3908 Goseembrot‚
668 3846 763 3915 sptter
781 3860 818 3899 an
837 3845 918 3900 einen
939 3846 1069 3902 Radamr
1087 3849 1236 3904 rermbhlt.
1274 3851 1308 3906 ln
1326 3854 1391 3909 clm.

238 3935 306 3991 3⁵61
326 3934 389 4006 [aus
408 3934 600 3990 Gossembrots
619 3933 786 4006 bibliothek]
806 3934 883 3989 steht
907 3936 958 3990 aul
980 3936 1044 3991 dem
1062 3936 1312 4008 unvolletandigen
1331 3957 1393 3997 ror-

236 4022 389 4093 onerate:
410 4021 490 4077 »Dite
508 4023 581 4077 buch
599 4021 637 4076 ist
654 4021 769 4078 dochter
788 4021 913 4078 Siwillsn
933 4023 1057 4079 Radorin
1080 4023 1173 4093 [sigen
1193 4025 1266 4080 nach
1285 4027 1390 4084 minem

236 4107 319 4177 todi·
358 4108 408 4164 Die
426 4108 696 4179 cingellammerten
718 4111 803 4167 rorte
826 4109 887 4164 sind
913 4128 968 4166 ron
991 4109 1117 4167 offenbar
1137 4112 1285 4170 moderner
1312 4115 1389 4171 hand

236 4196 476 4266 nachgezeiebnet,
496 4199 538 4252 als
556 4197 607 4252 das
625 4197 701 4252 blatt
722 4199 792 4254 noch
818 4197 992 4268 vollstandig
1011 4218 1078 4255 war.
1179 4202 1340 4271 totpr'retr'r
1360 4223 1390 4260 so

237 4284 307 4338 such
326 4282 371 4338 die
389 4282 525 4338 abschrift
550 4286 611 4342 clm.
631 4285 717 4341 22404
738 4281 891 4352 r.129'³,=
904 4288 1075 4356 computum,
1094 4287 1170 4343 label
1194 4286 1250 4359 [Du
1270 4289 1387 4362 Gangel.

235 4371 302 4426 oder
319 4367 512 4427 remohrieben
535 4373 580 4426 lilr
604 4373 754 4442 captiba:
764 4374 973 4443 compositum?
1078 4376 1096 4429 3
1117 4375 1179 4446 Vgl.
1206 4393 1269 4432 aum
1295 4377 1388 4432 inhalt

234 4457 305 4512 oben
324 4475 365 4510 nr.
383 4457 425 4510 20.
