<?xml version="1.0" encoding="UTF-8"?>
<!DOCTYPE html PUBLIC "-//W3C//DTD XHTML 1.0 Transitional//EN"
    "http://www.w3.org/TR/xhtml1/DTD/xhtml1-transitional.dtd">
<html xmlns="http://www.w3.org/1999/xhtml" xml:lang="en" lang="en">
 <head>
  <title>
</title>
<meta http-equiv="Content-Type" content="text/html;charset=utf-8" />
  <meta name='ocr-system' content='tesseract 3.04.00' />
  <meta name='ocr-capabilities' content='ocr_page ocr_carea ocr_par ocr_line ocrx_word'/>
</head>
<body>
  <div class='ocr_page' id='page_1' title='image "./hermannschedels00schegoog_0168.png"; bbox 0 0 2990 5068; ppageno 0'>
   <div class='ocr_carea' id='block_1_1' title="bbox 780 384 844 448">
    <p class='ocr_par' dir='ltr' id='par_1_1' title="bbox 780 384 844 448">
     <span class='ocr_line' id='line_1_1' title="bbox 780 384 844 448; baseline -0.016 0"><span class='ocrx_word' id='word_1_1' title='bbox 780 384 844 448; x_wconf 85' lang='lat'>152</span> 
     </span>
    </p>
   </div>
   <div class='ocr_carea' id='block_1_2' title="bbox 218 555 1383 1908">
    <p class='ocr_par' dir='ltr' id='par_1_2' title="bbox 218 555 1383 1908">
     <span class='ocr_line' id='line_1_2' title="bbox 219 555 1379 645; baseline -0.003 -21"><span class='ocrx_word' id='word_1_2' title='bbox 219 562 356 645; x_wconf 86' lang='lat' dir='ltr'>lateque.</span> <span class='ocrx_word' id='word_1_3' title='bbox 392 559 444 625; x_wconf 94' lang='lat' dir='ltr'>llli</span> <span class='ocrx_word' id='word_1_4' title='bbox 464 560 724 645; x_wconf 78' lang='lat' dir='ltr'>eloquentissimo</span> <span class='ocrx_word' id='word_1_5' title='bbox 734 557 897 624; x_wconf 86' lang='lat' dir='ltr'>Jaronimo</span> <span class='ocrx_word' id='word_1_6' title='bbox 916 556 1123 641; x_wconf 87' lang='lat' dir='ltr'>displicebat¹</span> <span class='ocrx_word' id='word_1_7' title='bbox 1146 555 1288 623; x_wconf 89' lang='lat' dir='ltr'>incultus</span> <span class='ocrx_word' id='word_1_8' title='bbox 1303 579 1379 641; x_wconf 88' lang='lat' dir='ltr'>pro-</span> 
     </span>
     <span class='ocr_line' id='line_1_3' title="bbox 221 657 1381 750; baseline -0.002 -20"><span class='ocrx_word' id='word_1_9' title='bbox 221 665 390 750; x_wconf 88' lang='lat' dir='ltr'>phetarum</span> <span class='ocrx_word' id='word_1_10' title='bbox 401 687 504 730; x_wconf 87' lang='lat' dir='ltr'>sermo</span> <span class='ocrx_word' id='word_1_11' title='bbox 518 670 551 730; x_wconf 88' lang='lat' dir='ltr'>et</span> <span class='ocrx_word' id='word_1_12' title='bbox 564 665 648 730; x_wconf 88' lang='lat' dir='ltr'>idem</span> <span class='ocrx_word' id='word_1_13' title='bbox 658 663 878 730; x_wconf 73' lang='lat' dir='ltr'><strong>delectabatur</strong></span> <span class='ocrx_word' id='word_1_14' title='bbox 892 657 1016 747; x_wconf 81' lang='lat' dir='ltr'>inTulij</span> <span class='ocrx_word' id='word_1_15' title='bbox 1029 668 1154 740; x_wconf 86' lang='lat' dir='ltr'>ornatu,</span> <span class='ocrx_word' id='word_1_16' title='bbox 1168 687 1263 748; x_wconf 82' lang='lat' dir='ltr'>quom</span> <span class='ocrx_word' id='word_1_17' title='bbox 1274 668 1306 728; x_wconf 87' lang='lat' dir='ltr'>et</span> <span class='ocrx_word' id='word_1_18' title='bbox 1317 664 1381 748; x_wconf 82' lang='lat' dir='ltr'>lig·</span> 
     </span>
     <span class='ocr_line' id='line_1_4' title="bbox 218 768 1383 855; baseline -0.002 -19"><span class='ocrx_word' id='word_1_19' title='bbox 218 775 327 836; x_wconf 90' lang='lat' dir='ltr'>menta</span> <span class='ocrx_word' id='word_1_20' title='bbox 338 771 493 855; x_wconf 83' lang='lat' dir='ltr'>paganica</span> <span class='ocrx_word' id='word_1_21' title='bbox 502 769 630 855; x_wconf 80' lang='lat' dir='ltr'>legebat</span> <span class='ocrx_word' id='word_1_22' title='bbox 641 769 680 834; x_wconf 92' lang='lat' dir='ltr'>ad</span> <span class='ocrx_word' id='word_1_23' title='bbox 693 769 898 852; x_wconf 79' lang='lat' dir='ltr'>voluptatem,</span> <span class='ocrx_word' id='word_1_24' title='bbox 909 790 973 834; x_wconf 88' lang='lat' dir='ltr'>non</span> <span class='ocrx_word' id='word_1_25' title='bbox 983 769 1021 834; x_wconf 92' lang='lat' dir='ltr'>ad</span> <span class='ocrx_word' id='word_1_26' title='bbox 1034 768 1210 835; x_wconf 70' lang='lat' dir='ltr'>utilitatem</span> <span class='ocrx_word' id='word_1_27' title='bbox 1221 774 1333 834; x_wconf 71' lang='lat' dir='ltr'>tarum</span> <span class='ocrx_word' id='word_1_28' title='bbox 1349 775 1383 834; x_wconf 88' lang='lat' dir='ltr'>et</span> 
     </span>
     <span class='ocr_line' id='line_1_5' title="bbox 220 873 1383 960; baseline -0.002 -18"><span class='ocrx_word' id='word_1_29' title='bbox 220 877 440 943; x_wconf 87' lang='lat' dir='ltr'>eruditionem.</span> <span class='ocrx_word' id='word_1_30' title='bbox 466 875 540 942; x_wconf 89' lang='lat' dir='ltr'>ldeo</span> <span class='ocrx_word' id='word_1_31' title='bbox 556 878 722 959; x_wconf 89' lang='lat' dir='ltr'>correptus</span> <span class='ocrx_word' id='word_1_32' title='bbox 739 873 803 940; x_wconf 85' lang='lat' dir='ltr'>luit</span> <span class='ocrx_word' id='word_1_33' title='bbox 819 875 859 940; x_wconf 85' lang='lat' dir='ltr'>ab</span> <span class='ocrx_word' id='word_1_34' title='bbox 875 875 992 956; x_wconf 80' lang='lat' dir='ltr'>angelo</span> <span class='ocrx_word' id='word_1_35' title='bbox 1009 880 1041 940; x_wconf 84' lang='lat' dir='ltr'>et</span> <span class='ocrx_word' id='word_1_36' title='bbox 1056 875 1090 939; x_wconf 89' lang='lat' dir='ltr'>in</span> <span class='ocrx_word' id='word_1_37' title='bbox 1105 896 1226 941; x_wconf 75' lang='lat' dir='ltr'>cauom</span> <span class='ocrx_word' id='word_1_38' title='bbox 1239 875 1383 960; x_wconf 82' lang='lat' dir='ltr'>legimus</span> 
     </span>
     <span class='ocr_line' id='line_1_6' title="bbox 220 977 1380 1065; baseline -0.002 -19"><span class='ocrx_word' id='word_1_39' title='bbox 220 983 272 1047; x_wconf 88' lang='lat'>38.</span> <span class='ocrx_word' id='word_1_40' title='bbox 289 981 332 1048; x_wconf 92' lang='lat' dir='ltr'>di.</span> <span class='ocrx_word' id='word_1_41' title='bbox 344 979 367 1060; x_wconf 81' lang='lat'>¹,</span> <span class='ocrx_word' id='word_1_42' title='bbox 392 981 476 1065; x_wconf 92' lang='lat' dir='ltr'>quod</span> <span class='ocrx_word' id='word_1_43' title='bbox 501 979 575 1045; x_wconf 90' lang='lat' dir='ltr'>talis</span> <span class='ocrx_word' id='word_1_44' title='bbox 599 977 694 1046; x_wconf 90' lang='lat' dir='ltr'>lectio</span> <span class='ocrx_word' id='word_1_45' title='bbox 717 979 883 1063; x_wconf 75' lang='lat' dir='ltr'>prestabat</span> <span class='ocrx_word' id='word_1_46' title='bbox 915 980 1016 1046; x_wconf 89' lang='lat' dir='ltr'>eidem</span> <span class='ocrx_word' id='word_1_47' title='bbox 1049 979 1316 1065; x_wconf 82' lang='lat' dir='ltr'>impedimentum</span> <span class='ocrx_word' id='word_1_48' title='bbox 1347 982 1380 1044; x_wconf 90' lang='lat' dir='ltr'>in</span> 
     </span>
     <span class='ocr_line' id='line_1_7' title="bbox 220 1083 1379 1171; baseline -0.003 -19"><span class='ocrx_word' id='word_1_49' title='bbox 220 1087 369 1152; x_wconf 86' lang='lat' dir='ltr'>veritatis</span> <span class='ocrx_word' id='word_1_50' title='bbox 393 1087 576 1171; x_wconf 81' lang='lat' dir='ltr'>cognitione</span> <span class='ocrx_word' id='word_1_51' title='bbox 599 1087 690 1151; x_wconf 83' lang='lat' dir='ltr'>iuxta</span> <span class='ocrx_word' id='word_1_52' title='bbox 714 1084 795 1150; x_wconf 92' lang='lat' dir='ltr'>illud</span> <span class='ocrx_word' id='word_1_53' title='bbox 819 1085 1080 1151; x_wconf 78' lang='lat' dir='ltr'>commentatoris</span> <span class='ocrx_word' id='word_1_54' title='bbox 1097 1083 1281 1150; x_wconf 77' lang='lat' dir='ltr'>Aristotelis</span> <span class='ocrx_word' id='word_1_55' title='bbox 1302 1085 1379 1169; x_wconf 91' lang='lat' dir='ltr'>pbi-</span> 
     </span>
     <span class='ocr_line' id='line_1_8' title="bbox 221 1188 1381 1277; baseline 0.001 -21"><span class='ocrx_word' id='word_1_56' title='bbox 221 1193 428 1277; x_wconf 89' lang='lat' dir='ltr'>losophorum</span> <span class='ocrx_word' id='word_1_57' title='bbox 444 1192 598 1276; x_wconf 87' lang='lat' dir='ltr'>principis</span> <span class='ocrx_word' id='word_1_58' title='bbox 613 1191 766 1257; x_wconf 85' lang='lat' dir='ltr'>Averrois</span> <span class='ocrx_word' id='word_1_59' title='bbox 781 1189 1016 1275; x_wconf 89' lang='lat' dir='ltr'>methaphisice</span> <span class='ocrx_word' id='word_1_60' title='bbox 1031 1189 1083 1256; x_wconf 79' lang='lat'>20.</span> <span class='ocrx_word' id='word_1_61' title='bbox 1098 1189 1248 1256; x_wconf 83' lang='lat' dir='ltr'>dicentis:</span> <span class='ocrx_word' id='word_1_62' title='bbox 1273 1188 1381 1256; x_wconf 78' lang='lat' dir='ltr'>»Con-</span> 
     </span>
     <span class='ocr_line' id='line_1_9' title="bbox 219 1295 1382 1381; baseline -0.002 -19"><span class='ocrx_word' id='word_1_63' title='bbox 219 1299 354 1363; x_wconf 79' lang='lat' dir='ltr'>suetudo</span> <span class='ocrx_word' id='word_1_64' title='bbox 378 1298 528 1364; x_wconf 86' lang='lat' dir='ltr'>audiendi</span> <span class='ocrx_word' id='word_1_65' title='bbox 552 1296 677 1362; x_wconf 80' lang='lat' dir='ltr'>fabulas</span> <span class='ocrx_word' id='word_1_66' title='bbox 700 1302 733 1362; x_wconf 90' lang='lat' dir='ltr'>et</span> <span class='ocrx_word' id='word_1_67' title='bbox 756 1296 839 1362; x_wconf 88' lang='lat' dir='ltr'>falsu</span> <span class='ocrx_word' id='word_1_68' title='bbox 862 1296 1125 1381; x_wconf 85' lang='lat' dir='ltr'>impedimentum</span> <span class='ocrx_word' id='word_1_69' title='bbox 1141 1300 1190 1360; x_wconf 85' lang='lat' dir='ltr'>est</span> <span class='ocrx_word' id='word_1_70' title='bbox 1215 1295 1248 1360; x_wconf 89' lang='lat' dir='ltr'>iu</span> <span class='ocrx_word' id='word_1_71' title='bbox 1265 1297 1382 1380; x_wconf 83' lang='lat' dir='ltr'>cogni·</span> 
     </span>
     <span class='ocr_line' id='line_1_10' title="bbox 219 1398 1380 1487; baseline -0.001 -20"><span class='ocrx_word' id='word_1_72' title='bbox 219 1407 309 1468; x_wconf 84' lang='lat' dir='ltr'>aione</span> <span class='ocrx_word' id='word_1_73' title='bbox 331 1403 509 1468; x_wconf 80' lang='lat' dir='ltr'>veritatis«</span> <span class='ocrx_word' id='word_1_74' title='bbox 566 1402 608 1467; x_wconf 82' lang='lat' dir='ltr'>Et</span> <span class='ocrx_word' id='word_1_75' title='bbox 639 1403 678 1468; x_wconf 89' lang='lat' dir='ltr'>ad</span> <span class='ocrx_word' id='word_1_76' title='bbox 708 1402 908 1487; x_wconf 89' lang='lat' dir='ltr'>propositum</span> <span class='ocrx_word' id='word_1_77' title='bbox 933 1400 969 1466; x_wconf 79' lang='lat'>4⁰</span> <span class='ocrx_word' id='word_1_78' title='bbox 997 1398 1204 1466; x_wconf 81' lang='lat' dir='ltr'>ethicorum³</span> <span class='ocrx_word' id='word_1_79' title='bbox 1238 1400 1380 1466; x_wconf 85' lang='lat' dir='ltr'>dicitur:</span> 
     </span>
     <span class='ocr_line' id='line_1_11' title="bbox 223 1505 1383 1574; baseline 0.003 -7"><span class='ocrx_word' id='word_1_80' title='bbox 223 1509 413 1574; x_wconf 78' lang='lat' dir='ltr'>»Amatores</span> <span class='ocrx_word' id='word_1_81' title='bbox 446 1507 630 1574; x_wconf 86' lang='lat' dir='ltr'>fabularum</span> <span class='ocrx_word' id='word_1_82' title='bbox 661 1512 694 1573; x_wconf 89' lang='lat' dir='ltr'>et</span> <span class='ocrx_word' id='word_1_83' title='bbox 721 1507 919 1573; x_wconf 74' lang='lat' dir='ltr'>delectantes</span> <span class='ocrx_word' id='word_1_84' title='bbox 944 1507 978 1572; x_wconf 88' lang='lat' dir='ltr'>in</span> <span class='ocrx_word' id='word_1_85' title='bbox 1009 1505 1127 1571; x_wconf 82' lang='lat' dir='ltr'>fabulis</span> <span class='ocrx_word' id='word_1_86' title='bbox 1156 1505 1322 1572; x_wconf 87' lang='lat' dir='ltr'>audiendis</span> <span class='ocrx_word' id='word_1_87' title='bbox 1348 1509 1383 1571; x_wconf 89' lang='lat' dir='ltr'>et</span> 
     </span>
     <span class='ocr_line' id='line_1_12' title="bbox 221 1611 1381 1698; baseline -0.003 -20"><span class='ocrx_word' id='word_1_88' title='bbox 221 1614 412 1695; x_wconf 83' lang='lat' dir='ltr'>referendis,</span> <span class='ocrx_word' id='word_1_89' title='bbox 448 1621 481 1679; x_wconf 89' lang='lat' dir='ltr'>et</span> <span class='ocrx_word' id='word_1_90' title='bbox 516 1615 572 1698; x_wconf 85' lang='lat' dir='ltr'>qui</span> <span class='ocrx_word' id='word_1_91' title='bbox 610 1614 677 1679; x_wconf 86' lang='lat' dir='ltr'>dias</span> <span class='ocrx_word' id='word_1_92' title='bbox 709 1619 904 1679; x_wconf 85' lang='lat' dir='ltr'>consumunt</span> <span class='ocrx_word' id='word_1_93' title='bbox 931 1613 1098 1698; x_wconf 89' lang='lat' dir='ltr'>loquentes</span> <span class='ocrx_word' id='word_1_94' title='bbox 1127 1612 1165 1676; x_wconf 89' lang='lat' dir='ltr'>ds</span> <span class='ocrx_word' id='word_1_95' title='bbox 1203 1611 1296 1678; x_wconf 88' lang='lat' dir='ltr'>dictis</span> <span class='ocrx_word' id='word_1_96' title='bbox 1331 1614 1381 1676; x_wconf 82' lang='lat' dir='ltr'>vel</span> 
     </span>
     <span class='ocr_line' id='line_1_13' title="bbox 222 1705 1380 1802; baseline -0.003 -17"><span class='ocrx_word' id='word_1_97' title='bbox 222 1719 316 1785; x_wconf 80' lang='lat' dir='ltr'>factis</span> <span class='ocrx_word' id='word_1_98' title='bbox 332 1719 510 1800; x_wconf 85' lang='lat' dir='ltr'>inutilibus,</span> <span class='ocrx_word' id='word_1_99' title='bbox 522 1705 590 1785; x_wconf 70' lang='lat' dir='ltr'>&#39;non</span> <span class='ocrx_word' id='word_1_100' title='bbox 609 1719 743 1784; x_wconf 83' lang='lat' dir='ltr'>dicimus</span> <span class='ocrx_word' id='word_1_101' title='bbox 758 1719 990 1802; x_wconf 81' lang='lat' dir='ltr'>intemperatos</span> <span class='ocrx_word' id='word_1_102' title='bbox 1008 1717 1063 1781; x_wconf 91' lang='lat' dir='ltr'>sed</span> <span class='ocrx_word' id='word_1_103' title='bbox 1078 1716 1259 1801; x_wconf 81' lang='lat' dir='ltr'>garrulos.‹</span> <span class='ocrx_word' id='word_1_104' title='bbox 1290 1715 1380 1782; x_wconf 89' lang='lat' dir='ltr'>Her-</span> 
     </span>
     <span class='ocr_line' id='line_1_14' title="bbox 223 1823 1380 1908; baseline -0.003 -18"><span class='ocrx_word' id='word_1_105' title='bbox 223 1846 347 1906; x_wconf 80' lang='lat' dir='ltr'>manno,</span> <span class='ocrx_word' id='word_1_106' title='bbox 370 1825 550 1890; x_wconf 87' lang='lat' dir='ltr'>dulcissime</span> <span class='ocrx_word' id='word_1_107' title='bbox 570 1823 672 1888; x_wconf 84' lang='lat' dir='ltr'>irater</span> <span class='ocrx_word' id='word_1_108' title='bbox 694 1824 757 1904; x_wconf 87' lang='lat' dir='ltr'>mi,</span> <span class='ocrx_word' id='word_1_109' title='bbox 786 1823 869 1889; x_wconf 90' lang='lat' dir='ltr'>solet</span> <span class='ocrx_word' id='word_1_110' title='bbox 892 1823 1004 1908; x_wconf 83' lang='lat' dir='ltr'>vulpes</span> <span class='ocrx_word' id='word_1_111' title='bbox 1027 1823 1129 1907; x_wconf 91' lang='lat' dir='ltr'>pilum</span> <span class='ocrx_word' id='word_1_112' title='bbox 1153 1829 1288 1903; x_wconf 83' lang='lat' dir='ltr'>mutare,</span> <span class='ocrx_word' id='word_1_113' title='bbox 1312 1844 1380 1888; x_wconf 89' lang='lat' dir='ltr'>non</span> 
     </span>
    </p>
   </div>
   <div class='ocr_carea' id='block_1_3' title="bbox 221 1927 1382 2543">
    <p class='ocr_par' dir='ltr' id='par_1_3' title="bbox 221 1927 1382 2543">
     <span class='ocr_line' id='line_1_15' title="bbox 222 1927 1379 2015; baseline 0 -21"><span class='ocrx_word' id='word_1_114' title='bbox 222 1950 336 2010; x_wconf 87' lang='lat' dir='ltr'>mores,</span> <span class='ocrx_word' id='word_1_115' title='bbox 352 1930 410 2015; x_wconf 92' lang='lat' dir='ltr'>pili</span> <span class='ocrx_word' id='word_1_116' title='bbox 427 1931 475 1996; x_wconf 93' lang='lat' dir='ltr'>tui</span> <span class='ocrx_word' id='word_1_117' title='bbox 491 1930 625 1996; x_wconf 89' lang='lat' dir='ltr'>tondunt</span> <span class='ocrx_word' id='word_1_118' title='bbox 636 1929 674 1994; x_wconf 88' lang='lat' dir='ltr'>ad</span> <span class='ocrx_word' id='word_1_119' title='bbox 691 1929 817 1994; x_wconf 83' lang='lat' dir='ltr'>niveum</span> <span class='ocrx_word' id='word_1_120' title='bbox 833 1929 982 2008; x_wconf 84' lang='lat' dir='ltr'>colorem,</span> <span class='ocrx_word' id='word_1_121' title='bbox 996 1933 1085 1994; x_wconf 91' lang='lat' dir='ltr'>muta</span> <span class='ocrx_word' id='word_1_122' title='bbox 1095 1927 1214 1994; x_wconf 69' lang='lat' dir='ltr'>tuum*</span> <span class='ocrx_word' id='word_1_123' title='bbox 1232 1929 1379 1994; x_wconf 88' lang='lat' dir='ltr'>studium</span> 
     </span>
     <span class='ocr_line' id='line_1_16' title="bbox 221 2033 1380 2102; baseline 0 -4"><span class='ocrx_word' id='word_1_124' title='bbox 221 2034 373 2100; x_wconf 86' lang='lat' dir='ltr'>vanitatis</span> <span class='ocrx_word' id='word_1_125' title='bbox 390 2036 426 2100; x_wconf 89' lang='lat' dir='ltr'>in</span> <span class='ocrx_word' id='word_1_126' title='bbox 444 2036 612 2102; x_wconf 85' lang='lat' dir='ltr'>scienciam</span> <span class='ocrx_word' id='word_1_127' title='bbox 631 2034 788 2100; x_wconf 85' lang='lat' dir='ltr'>veritatis.</span> <span class='ocrx_word' id='word_1_128' title='bbox 821 2034 868 2100; x_wconf 84' lang='lat' dir='ltr'>Ex</span> <span class='ocrx_word' id='word_1_129' title='bbox 885 2034 961 2101; x_wconf 93' lang='lat' dir='ltr'>stilo</span> <span class='ocrx_word' id='word_1_130' title='bbox 979 2038 1012 2098; x_wconf 88' lang='lat' dir='ltr'>ot</span> <span class='ocrx_word' id='word_1_131' title='bbox 1026 2035 1149 2100; x_wconf 89' lang='lat' dir='ltr'>anseris</span> <span class='ocrx_word' id='word_1_132' title='bbox 1166 2033 1289 2100; x_wconf 86' lang='lat' dir='ltr'>calamo</span> <span class='ocrx_word' id='word_1_133' title='bbox 1301 2055 1380 2098; x_wconf 84' lang='lat' dir='ltr'>seo·</span> 
     </span>
     <span class='ocr_line' id='line_1_17' title="bbox 222 2140 1380 2226; baseline 0.001 -22"><span class='ocrx_word' id='word_1_134' title='bbox 222 2140 271 2204; x_wconf 88' lang='lat' dir='ltr'>oio</span> <span class='ocrx_word' id='word_1_135' title='bbox 288 2145 321 2206; x_wconf 91' lang='lat' dir='ltr'>te</span> <span class='ocrx_word' id='word_1_136' title='bbox 344 2161 484 2206; x_wconf 84' lang='lat' dir='ltr'>cresccre</span> <span class='ocrx_word' id='word_1_137' title='bbox 502 2142 631 2221; x_wconf 83' lang='lat' dir='ltr'>inerte,</span> <span class='ocrx_word' id='word_1_138' title='bbox 648 2161 709 2226; x_wconf 89' lang='lat' dir='ltr'>que</span> <span class='ocrx_word' id='word_1_139' title='bbox 723 2164 743 2206; x_wconf 94' lang='lat' dir='ltr'>a</span> <span class='ocrx_word' id='word_1_140' title='bbox 757 2141 880 2206; x_wconf 84' lang='lat' dir='ltr'>dicandi</span> <span class='ocrx_word' id='word_1_141' title='bbox 897 2142 991 2225; x_wconf 89' lang='lat' dir='ltr'>copia</span> <span class='ocrx_word' id='word_1_142' title='bbox 1007 2141 1106 2206; x_wconf 87' lang='lat' dir='ltr'>traxit</span> <span class='ocrx_word' id='word_1_143' title='bbox 1122 2162 1237 2208; x_wconf 90' lang='lat' dir='ltr'>nomeu</span> <span class='ocrx_word' id='word_1_144' title='bbox 1254 2146 1286 2205; x_wconf 90' lang='lat' dir='ltr'>et</span> <span class='ocrx_word' id='word_1_145' title='bbox 1300 2162 1380 2224; x_wconf 86' lang='lat' dir='ltr'>pas·</span> 
     </span>
     <span class='ocr_line' id='line_1_18' title="bbox 221 2245 1381 2332; baseline 0 -22"><span class='ocrx_word' id='word_1_146' title='bbox 221 2266 291 2310; x_wconf 85' lang='lat' dir='ltr'>cers</span> <span class='ocrx_word' id='word_1_147' title='bbox 314 2245 439 2330; x_wconf 87' lang='lat' dir='ltr'>siliquis</span> <span class='ocrx_word' id='word_1_148' title='bbox 462 2267 640 2332; x_wconf 90' lang='lat' dir='ltr'>porcorum.</span> <span class='ocrx_word' id='word_1_149' title='bbox 696 2247 836 2312; x_wconf 82' lang='lat' dir='ltr'>Attouda</span> <span class='ocrx_word' id='word_1_150' title='bbox 860 2247 938 2312; x_wconf 86' lang='lat' dir='ltr'>does</span> <span class='ocrx_word' id='word_1_151' title='bbox 968 2247 1213 2332; x_wconf 80' lang='lat' dir='ltr'>scripturarum,</span> <span class='ocrx_word' id='word_1_152' title='bbox 1237 2246 1381 2312; x_wconf 89' lang='lat' dir='ltr'>rethoris</span> 
     </span>
     <span class='ocr_line' id='line_1_19' title="bbox 222 2351 1377 2438; baseline 0.002 -23"><span class='ocrx_word' id='word_1_153' title='bbox 222 2353 270 2416; x_wconf 88' lang='lat' dir='ltr'>est</span> <span class='ocrx_word' id='word_1_154' title='bbox 291 2352 490 2436; x_wconf 84' lang='lat' dir='ltr'>persuadere,</span> <span class='ocrx_word' id='word_1_155' title='bbox 512 2357 606 2438; x_wconf 90' lang='lat' dir='ltr'>poete</span> <span class='ocrx_word' id='word_1_156' title='bbox 629 2352 815 2418; x_wconf 86' lang='lat' dir='ltr'>demulcere.</span> <span class='ocrx_word' id='word_1_157' title='bbox 863 2351 956 2419; x_wconf 90' lang='lat' dir='ltr'>Unde</span> <span class='ocrx_word' id='word_1_158' title='bbox 973 2352 1165 2418; x_wconf 81' lang='lat' dir='ltr'>Aristoteles</span> <span class='ocrx_word' id='word_1_159' title='bbox 1180 2351 1217 2418; x_wconf 82' lang='lat'>3⁰</span> <span class='ocrx_word' id='word_1_160' title='bbox 1236 2352 1377 2417; x_wconf 87' lang='lat' dir='ltr'>rethori-</span> 
     </span>
     <span class='ocr_line' id='line_1_20' title="bbox 222 2455 1382 2543; baseline 0 -21"><span class='ocrx_word' id='word_1_161' title='bbox 222 2477 348 2522; x_wconf 85' lang='lat' dir='ltr'>corum:</span> <span class='ocrx_word' id='word_1_162' title='bbox 374 2455 491 2522; x_wconf 85' lang='lat' dir='ltr'>›Poete</span> <span class='ocrx_word' id='word_1_163' title='bbox 506 2457 672 2542; x_wconf 87' lang='lat' dir='ltr'>loquentes</span> <span class='ocrx_word' id='word_1_164' title='bbox 690 2457 796 2523; x_wconf 82' lang='lat' dir='ltr'>brevia</span> <span class='ocrx_word' id='word_1_165' title='bbox 818 2463 952 2542; x_wconf 88' lang='lat' dir='ltr'>propter</span> <span class='ocrx_word' id='word_1_166' title='bbox 975 2458 1138 2543; x_wconf 89' lang='lat' dir='ltr'>eloquium</span> <span class='ocrx_word' id='word_1_167' title='bbox 1165 2457 1382 2542; x_wconf 86' lang='lat' dir='ltr'>acquirebant</span> 
     </span>
    </p>
   </div>
   <div class='ocr_carea' id='block_1_4' title="bbox 220 2561 1382 4128">
    <p class='ocr_par' dir='ltr' id='par_1_4' title="bbox 220 2561 1382 4128">
     <span class='ocr_line' id='line_1_21' title="bbox 222 2561 1376 2648; baseline 0.001 -22"><span class='ocrx_word' id='word_1_168' title='bbox 222 2563 355 2648; x_wconf 85' lang='lat' dir='ltr'>gloriam</span> <span class='ocrx_word' id='word_1_169' title='bbox 382 2562 435 2628; x_wconf 87' lang='lat' dir='ltr'>sed</span> <span class='ocrx_word' id='word_1_170' title='bbox 452 2584 516 2628; x_wconf 88' lang='lat' dir='ltr'>non</span> <span class='ocrx_word' id='word_1_171' title='bbox 532 2563 790 2647; x_wconf 76' lang='lat' dir='ltr'>sempiternam«.</span> <span class='ocrx_word' id='word_1_172' title='bbox 838 2561 953 2629; x_wconf 82' lang='lat' dir='ltr'>Fateor</span> <span class='ocrx_word' id='word_1_173' title='bbox 965 2564 1089 2629; x_wconf 78' lang='lat' dir='ltr'>divinas</span> <span class='ocrx_word' id='word_1_174' title='bbox 1105 2561 1214 2628; x_wconf 88' lang='lat' dir='ltr'>laudes</span> <span class='ocrx_word' id='word_1_175' title='bbox 1229 2563 1263 2627; x_wconf 87' lang='lat' dir='ltr'>ia</span> <span class='ocrx_word' id='word_1_176' title='bbox 1278 2585 1376 2648; x_wconf 80' lang='lat' dir='ltr'>ymp-</span> 
     </span>
     <span class='ocr_line' id='line_1_22' title="bbox 222 2667 1377 2753; baseline 0.002 -21"><span class='ocrx_word' id='word_1_177' title='bbox 222 2670 270 2732; x_wconf 89' lang='lat' dir='ltr'>nis</span> <span class='ocrx_word' id='word_1_178' title='bbox 294 2673 327 2733; x_wconf 87' lang='lat' dir='ltr'>at</span> <span class='ocrx_word' id='word_1_179' title='bbox 349 2667 483 2733; x_wconf 88' lang='lat' dir='ltr'>canticis</span> <span class='ocrx_word' id='word_1_180' title='bbox 506 2667 638 2734; x_wconf 88' lang='lat' dir='ltr'>fioribus</span> <span class='ocrx_word' id='word_1_181' title='bbox 670 2668 844 2748; x_wconf 84' lang='lat' dir='ltr'>decoratas,</span> <span class='ocrx_word' id='word_1_182' title='bbox 864 2669 968 2734; x_wconf 81' lang='lat' dir='ltr'>fateor</span> <span class='ocrx_word' id='word_1_183' title='bbox 991 2670 1101 2748; x_wconf 84' lang='lat' dir='ltr'>eciam,</span> <span class='ocrx_word' id='word_1_184' title='bbox 1123 2668 1207 2753; x_wconf 90' lang='lat' dir='ltr'>quod</span> <span class='ocrx_word' id='word_1_185' title='bbox 1233 2668 1377 2734; x_wconf 85' lang='lat' dir='ltr'>divinam</span> 
     </span>
     <span class='ocr_line' id='line_1_23' title="bbox 220 2773 1374 2859; baseline 0.002 -22"><span class='ocrx_word' id='word_1_186' title='bbox 220 2774 412 2857; x_wconf 86' lang='lat' dir='ltr'>scripturam</span> <span class='ocrx_word' id='word_1_187' title='bbox 435 2773 577 2858; x_wconf 84' lang='lat' dir='ltr'>perfecta</span> <span class='ocrx_word' id='word_1_188' title='bbox 597 2779 629 2839; x_wconf 90' lang='lat' dir='ltr'>et</span> <span class='ocrx_word' id='word_1_189' title='bbox 651 2774 811 2841; x_wconf 78' lang='lat' dir='ltr'>dolensisc</span> <span class='ocrx_word' id='word_1_190' title='bbox 836 2775 904 2840; x_wconf 90' lang='lat' dir='ltr'>sine</span> <span class='ocrx_word' id='word_1_191' title='bbox 931 2774 1076 2859; x_wconf 87' lang='lat' dir='ltr'>sciencijs</span> <span class='ocrx_word' id='word_1_192' title='bbox 1108 2774 1293 2839; x_wconf 85' lang='lat' dir='ltr'>humanitus</span> <span class='ocrx_word' id='word_1_193' title='bbox 1315 2775 1374 2840; x_wconf 89' lang='lat' dir='ltr'>ad-</span> 
     </span>
     <span class='ocr_line' id='line_1_24' title="bbox 222 2879 1377 2964; baseline 0.004 -21"><span class='ocrx_word' id='word_1_194' title='bbox 222 2880 371 2960; x_wconf 82' lang='lat' dir='ltr'>inventis,</span> <span class='ocrx_word' id='word_1_195' title='bbox 393 2879 461 2944; x_wconf 89' lang='lat' dir='ltr'>sine</span> <span class='ocrx_word' id='word_1_196' title='bbox 484 2879 616 2963; x_wconf 90' lang='lat' dir='ltr'>speciali</span> <span class='ocrx_word' id='word_1_197' title='bbox 637 2882 719 2946; x_wconf 89' lang='lat' dir='ltr'>dono</span> <span class='ocrx_word' id='word_1_198' title='bbox 736 2880 926 2946; x_wconf 89' lang='lat' dir='ltr'>miraculoso</span> <span class='ocrx_word' id='word_1_199' title='bbox 947 2879 998 2945; x_wconf 91' lang='lat' dir='ltr'>dei</span> <span class='ocrx_word' id='word_1_200' title='bbox 1014 2901 1106 2945; x_wconf 89' lang='lat' dir='ltr'>nomo</span> <span class='ocrx_word' id='word_1_201' title='bbox 1122 2885 1229 2964; x_wconf 86' lang='lat' dir='ltr'>potest</span> <span class='ocrx_word' id='word_1_202' title='bbox 1245 2879 1377 2948; x_wconf 88' lang='lat' dir='ltr'>babere.</span> 
     </span>
     <span class='ocr_line' id='line_1_25' title="bbox 222 2983 1377 3071; baseline 0.002 -23"><span class='ocrx_word' id='word_1_203' title='bbox 222 2984 269 3049; x_wconf 84' lang='lat' dir='ltr'>Ex</span> <span class='ocrx_word' id='word_1_204' title='bbox 294 2983 354 3050; x_wconf 92' lang='lat' dir='ltr'>hoc</span> <span class='ocrx_word' id='word_1_205' title='bbox 377 2989 485 3052; x_wconf 87' lang='lat' dir='ltr'>tamon</span> <span class='ocrx_word' id='word_1_206' title='bbox 509 3008 574 3052; x_wconf 90' lang='lat' dir='ltr'>noa</span> <span class='ocrx_word' id='word_1_207' title='bbox 596 2985 747 3067; x_wconf 76' lang='lat' dir='ltr'>infertur,</span> <span class='ocrx_word' id='word_1_208' title='bbox 771 2987 855 3071; x_wconf 92' lang='lat' dir='ltr'>quod</span> <span class='ocrx_word' id='word_1_209' title='bbox 871 2987 904 3050; x_wconf 91' lang='lat' dir='ltr'>in</span> <span class='ocrx_word' id='word_1_210' title='bbox 921 3007 1085 3071; x_wconf 84' lang='lat' dir='ltr'>vesperam</span> <span class='ocrx_word' id='word_1_211' title='bbox 1102 2986 1168 3050; x_wconf 84' lang='lat' dir='ltr'>vite</span> <span class='ocrx_word' id='word_1_212' title='bbox 1182 2991 1377 3070; x_wconf 77' lang='lat' dir='ltr'>postergan-</span> 
     </span>
     <span class='ocr_line' id='line_1_26' title="bbox 221 3088 1379 3181; baseline -0.002 -26"><span class='ocrx_word' id='word_1_213' title='bbox 221 3091 295 3156; x_wconf 92' lang='lat' dir='ltr'>dum</span> <span class='ocrx_word' id='word_1_214' title='bbox 319 3091 362 3157; x_wconf 89' lang='lat' dir='ltr'>sit</span> <span class='ocrx_word' id='word_1_215' title='bbox 376 3093 518 3159; x_wconf 92' lang='lat' dir='ltr'>studium</span> <span class='ocrx_word' id='word_1_216' title='bbox 539 3113 627 3158; x_wconf 88' lang='lat' dir='ltr'>sacre</span> <span class='ocrx_word' id='word_1_217' title='bbox 651 3094 770 3177; x_wconf 79' lang='lat' dir='ltr'>pagiua</span> <span class='ocrx_word' id='word_1_218' title='bbox 786 3144 793 3157; x_wconf 91' lang='lat'><strong>.</strong></span> <span class='ocrx_word' id='word_1_219' title='bbox 810 3143 818 3158; x_wconf 91' lang='lat'><strong>.</strong></span> <span class='ocrx_word' id='word_1_220' title='bbox 836 3143 844 3158; x_wconf 89' lang='lat'><strong>.</strong></span> <span class='ocrx_word' id='word_1_221' title='bbox 863 3090 898 3180; x_wconf 84' lang='lat' dir='ltr'>[f.</span> <span class='ocrx_word' id='word_1_222' title='bbox 916 3092 996 3181; x_wconf 83' lang='grc'>273]</span> <span class='ocrx_word' id='word_1_223' title='bbox 1009 3143 1017 3158; x_wconf 89' lang='grc'><strong>.</strong></span> <span class='ocrx_word' id='word_1_224' title='bbox 1031 3145 1038 3160; x_wconf 94' lang='grc'><strong><em>.</em></strong></span> <span class='ocrx_word' id='word_1_225' title='bbox 1050 3141 1058 3159; x_wconf 91' lang='grc'><em>.</em></span> <span class='ocrx_word' id='word_1_226' title='bbox 1069 3140 1078 3156; x_wconf 92' lang='grc'><strong>.</strong></span> <span class='ocrx_word' id='word_1_227' title='bbox 1091 3088 1170 3155; x_wconf 87' lang='lat' dir='ltr'>Cum</span> <span class='ocrx_word' id='word_1_228' title='bbox 1191 3090 1301 3172; x_wconf 84' lang='lat' dir='ltr'>itaque</span> <span class='ocrx_word' id='word_1_229' title='bbox 1325 3113 1379 3154; x_wconf 85' lang='lat' dir='ltr'>ars</span> 
     </span>
     <span class='ocr_line' id='line_1_27' title="bbox 222 3195 1376 3284; baseline -0.002 -23"><span class='ocrx_word' id='word_1_230' title='bbox 222 3197 317 3282; x_wconf 84' lang='lat' dir='ltr'>longa</span> <span class='ocrx_word' id='word_1_231' title='bbox 340 3198 392 3279; x_wconf 83' lang='lat' dir='ltr'>sit,</span> <span class='ocrx_word' id='word_1_232' title='bbox 416 3199 483 3264; x_wconf 88' lang='lat' dir='ltr'>vita</span> <span class='ocrx_word' id='word_1_233' title='bbox 506 3199 609 3265; x_wconf 84' lang='lat' dir='ltr'>brevis</span> <span class='ocrx_word' id='word_1_234' title='bbox 630 3204 662 3264; x_wconf 89' lang='lat' dir='ltr'>et</span> <span class='ocrx_word' id='word_1_235' title='bbox 678 3199 805 3264; x_wconf 88' lang='lat' dir='ltr'>dicstui</span> <span class='ocrx_word' id='word_1_236' title='bbox 830 3198 1043 3284; x_wconf 81' lang='lat' dir='ltr'>declinant(i)</span> <span class='ocrx_word' id='word_1_237' title='bbox 1059 3197 1099 3261; x_wconf 86' lang='lat' dir='ltr'>ad</span> <span class='ocrx_word' id='word_1_238' title='bbox 1124 3195 1219 3261; x_wconf 88' lang='lat' dir='ltr'>horas</span> <span class='ocrx_word' id='word_1_239' title='bbox 1245 3217 1376 3280; x_wconf 82' lang='lat' dir='ltr'>vesper-</span> 
     </span>
     <span class='ocr_line' id='line_1_28' title="bbox 221 3301 1376 3387; baseline -0.001 -21"><span class='ocrx_word' id='word_1_240' title='bbox 221 3301 314 3381; x_wconf 82' lang='lat' dir='ltr'>tinas,</span> <span class='ocrx_word' id='word_1_241' title='bbox 338 3301 450 3368; x_wconf 86' lang='lat' dir='ltr'>hortor</span> <span class='ocrx_word' id='word_1_242' title='bbox 472 3309 505 3368; x_wconf 89' lang='lat' dir='ltr'>te</span> <span class='ocrx_word' id='word_1_243' title='bbox 528 3324 592 3368; x_wconf 90' lang='lat' dir='ltr'>nou</span> <span class='ocrx_word' id='word_1_244' title='bbox 613 3304 718 3368; x_wconf 90' lang='lat' dir='ltr'>minus</span> <span class='ocrx_word' id='word_1_245' title='bbox 733 3304 893 3368; x_wconf 87' lang='lat' dir='ltr'>instanter</span> <span class='ocrx_word' id='word_1_246' title='bbox 909 3323 1005 3387; x_wconf 90' lang='lat' dir='ltr'>quam</span> <span class='ocrx_word' id='word_1_247' title='bbox 1022 3301 1227 3380; x_wconf 82' lang='lat' dir='ltr'>confidenter,</span> <span class='ocrx_word' id='word_1_248' title='bbox 1253 3305 1290 3365; x_wconf 91' lang='lat' dir='ltr'>ut</span> <span class='ocrx_word' id='word_1_249' title='bbox 1306 3323 1376 3365; x_wconf 85' lang='lat' dir='ltr'>anr-</span> 
     </span>
     <span class='ocr_line' id='line_1_29' title="bbox 221 3407 1379 3492; baseline 0.001 -20"><span class='ocrx_word' id='word_1_250' title='bbox 221 3407 306 3490; x_wconf 91' lang='lat' dir='ltr'>plius</span> <span class='ocrx_word' id='word_1_251' title='bbox 328 3411 361 3472; x_wconf 87' lang='lat' dir='ltr'>tc</span> <span class='ocrx_word' id='word_1_252' title='bbox 385 3407 620 3474; x_wconf 85' lang='lat' dir='ltr'>honestioribus</span> <span class='ocrx_word' id='word_1_253' title='bbox 642 3409 757 3474; x_wconf 87' lang='lat' dir='ltr'>studiis</span> <span class='ocrx_word' id='word_1_254' title='bbox 781 3409 954 3492; x_wconf 89' lang='lat' dir='ltr'>impendas.</span> <span class='ocrx_word' id='word_1_255' title='bbox 1003 3407 1166 3472; x_wconf 84' lang='lat' dir='ltr'>Rixantur</span> <span class='ocrx_word' id='word_1_256' title='bbox 1181 3407 1215 3470; x_wconf 89' lang='lat' dir='ltr'>in</span> <span class='ocrx_word' id='word_1_257' title='bbox 1231 3407 1379 3473; x_wconf 85' lang='lat' dir='ltr'>studerio</span> 
     </span>
     <span class='ocr_line' id='line_1_30' title="bbox 223 3511 1380 3600; baseline 0.001 -23"><span class='ocrx_word' id='word_1_258' title='bbox 223 3521 278 3578; x_wconf 92' lang='lat' dir='ltr'>tuo</span> <span class='ocrx_word' id='word_1_259' title='bbox 312 3511 388 3577; x_wconf 91' lang='lat' dir='ltr'>libri</span> <span class='ocrx_word' id='word_1_260' title='bbox 421 3513 648 3600; x_wconf 81' lang='lat' dir='ltr'>theologicalos</span> <span class='ocrx_word' id='word_1_261' title='bbox 682 3520 795 3581; x_wconf 86' lang='lat' dir='ltr'>contra</span> <span class='ocrx_word' id='word_1_262' title='bbox 828 3535 951 3580; x_wconf 84' lang='lat' dir='ltr'>vermes</span> <span class='ocrx_word' id='word_1_263' title='bbox 987 3519 1021 3579; x_wconf 92' lang='lat' dir='ltr'>et</span> <span class='ocrx_word' id='word_1_264' title='bbox 1050 3512 1195 3598; x_wconf 84' lang='lat' dir='ltr'>pulveres</span> <span class='ocrx_word' id='word_1_265' title='bbox 1217 3513 1380 3578; x_wconf 85' lang='lat' dir='ltr'>diceutes:</span> 
     </span>
     <span class='ocr_line' id='line_1_31' title="bbox 224 3616 1382 3704; baseline 0.008 -28"><span class='ocrx_word' id='word_1_266' title='bbox 224 3616 309 3683; x_wconf 80' lang='lat' dir='ltr'>»Vos</span> <span class='ocrx_word' id='word_1_267' title='bbox 325 3619 509 3683; x_wconf 89' lang='lat' dir='ltr'>consumitis</span> <span class='ocrx_word' id='word_1_268' title='bbox 526 3620 740 3685; x_wconf 87' lang='lat' dir='ltr'>substanciam</span> <span class='ocrx_word' id='word_1_269' title='bbox 764 3624 939 3686; x_wconf 75' lang='lat' dir='ltr'>nostram«</span> <span class='ocrx_word' id='word_1_270' title='bbox 986 3618 1158 3685; x_wconf 88' lang='lat' dir='ltr'>Poetarum</span> <span class='ocrx_word' id='word_1_271' title='bbox 1183 3639 1257 3683; x_wconf 86' lang='lat' dir='ltr'>vero</span> <span class='ocrx_word' id='word_1_272' title='bbox 1282 3639 1382 3704; x_wconf 86' lang='lat' dir='ltr'>super</span> 
     </span>
     <span class='ocr_line' id='line_1_32' title="bbox 222 3723 1381 3811; baseline 0.003 -24"><span class='ocrx_word' id='word_1_273' title='bbox 222 3724 363 3788; x_wconf 88' lang='lat' dir='ltr'>motibus</span> <span class='ocrx_word' id='word_1_274' title='bbox 390 3723 541 3790; x_wconf 81' lang='lat' dir='ltr'>violentis</span> <span class='ocrx_word' id='word_1_275' title='bbox 568 3731 818 3811; x_wconf 87' lang='lat' dir='ltr'>conqueruntur.</span> <span class='ocrx_word' id='word_1_276' title='bbox 873 3725 1037 3809; x_wconf 80' lang='lat' dir='ltr'>Egredsre</span> <span class='ocrx_word' id='word_1_277' title='bbox 1064 3725 1206 3809; x_wconf 82' lang='lat' dir='ltr'>igitura</span> <span class='ocrx_word' id='word_1_278' title='bbox 1231 3724 1381 3810; x_wconf 88' lang='lat' dir='ltr'>scisncija</span> 
     </span>
     <span class='ocr_line' id='line_1_33' title="bbox 221 3829 1379 3915; baseline 0.004 -23"><span class='ocrx_word' id='word_1_279' title='bbox 221 3829 373 3893; x_wconf 82' lang='lat' dir='ltr'>vanitatis</span> <span class='ocrx_word' id='word_1_280' title='bbox 389 3832 422 3894; x_wconf 89' lang='lat' dir='ltr'>et</span> <span class='ocrx_word' id='word_1_281' title='bbox 438 3830 606 3915; x_wconf 84' lang='lat' dir='ltr'>ingredere</span> <span class='ocrx_word' id='word_1_282' title='bbox 622 3833 661 3898; x_wconf 90' lang='lat' dir='ltr'>ad</span> <span class='ocrx_word' id='word_1_283' title='bbox 678 3833 831 3897; x_wconf 85' lang='lat' dir='ltr'>scieucias</span> <span class='ocrx_word' id='word_1_284' title='bbox 847 3832 989 3915; x_wconf 86' lang='lat' dir='ltr'>pictatis,</span> <span class='ocrx_word' id='word_1_285' title='bbox 1013 3853 1074 3915; x_wconf 89' lang='lat' dir='ltr'>quo</span> <span class='ocrx_word' id='word_1_286' title='bbox 1090 3836 1166 3895; x_wconf 91' lang='lat' dir='ltr'>sunt</span> <span class='ocrx_word' id='word_1_287' title='bbox 1181 3831 1285 3915; x_wconf 82' lang='lat' dir='ltr'>legem</span> <span class='ocrx_word' id='word_1_288' title='bbox 1303 3853 1379 3897; x_wconf 83' lang='lat' dir='ltr'>noa·</span> 
     </span>
     <span class='ocr_line' id='line_1_34' title="bbox 221 3935 1381 4023; baseline 0.004 -24"><span class='ocrx_word' id='word_1_289' title='bbox 221 3955 301 4016; x_wconf 83' lang='lat' dir='ltr'>cere,</span> <span class='ocrx_word' id='word_1_290' title='bbox 317 3935 494 4019; x_wconf 85' lang='lat' dir='ltr'>scripturas</span> <span class='ocrx_word' id='word_1_291' title='bbox 507 3943 540 4002; x_wconf 90' lang='lat' dir='ltr'>ct</span> <span class='ocrx_word' id='word_1_292' title='bbox 553 3939 726 4023; x_wconf 89' lang='lat' dir='ltr'>prophetas</span> <span class='ocrx_word' id='word_1_293' title='bbox 743 3938 938 4022; x_wconf 81' lang='lat' dir='ltr'>intelligere,</span> <span class='ocrx_word' id='word_1_294' title='bbox 955 3938 990 4002; x_wconf 90' lang='lat' dir='ltr'>in</span> <span class='ocrx_word' id='word_1_295' title='bbox 1006 3935 1193 4020; x_wconf 81' lang='lat' dir='ltr'>ewangelio,</span> <span class='ocrx_word' id='word_1_296' title='bbox 1209 3936 1240 4000; x_wconf 93' lang='lat' dir='ltr'>id</span> <span class='ocrx_word' id='word_1_297' title='bbox 1256 3940 1306 4001; x_wconf 90' lang='lat' dir='ltr'>est</span> <span class='ocrx_word' id='word_1_298' title='bbox 1321 3937 1381 4004; x_wconf 84' lang='lat' dir='ltr'>deo</span> 
     </span>
     <span class='ocr_line' id='line_1_35' title="bbox 222 4041 1380 4128; baseline 0.005 -24"><span class='ocrx_word' id='word_1_299' title='bbox 222 4041 359 4122; x_wconf 79' lang='lat' dir='ltr'>credere,</span> <span class='ocrx_word' id='word_1_300' title='bbox 386 4043 555 4126; x_wconf 89' lang='lat' dir='ltr'>apostolos,</span> <span class='ocrx_word' id='word_1_301' title='bbox 581 4045 676 4109; x_wconf 90' lang='lat' dir='ltr'>idest</span> <span class='ocrx_word' id='word_1_302' title='bbox 694 4043 1080 4128; x_wconf 89' lang='lat' dir='ltr'>epistolasapostolorum</span> <span class='ocrx_word' id='word_1_303' title='bbox 1096 4064 1158 4107; x_wconf 90' lang='lat' dir='ltr'>uon</span> <span class='ocrx_word' id='word_1_304' title='bbox 1177 4043 1328 4127; x_wconf 79' lang='lat' dir='ltr'>ignorare</span> <span class='ocrx_word' id='word_1_305' title='bbox 1347 4095 1354 4109; x_wconf 95' lang='lat'><em>.</em></span> <span class='ocrx_word' id='word_1_306' title='bbox 1374 4095 1380 4110; x_wconf 89' lang='lat'>.</span> 
     </span>
    </p>
   </div>
   <div class='ocr_carea' id='block_1_5' title="bbox 221 4148 652 4239">
    <p class='ocr_par' dir='ltr' id='par_1_5' title="bbox 221 4148 652 4239">
     <span class='ocr_line' id='line_1_36' title="bbox 221 4148 652 4239; baseline -0.002 -18"><span class='ocrx_word' id='word_1_307' title='bbox 221 4202 230 4221; x_wconf 92' lang='lat'><strong>.</strong></span> <span class='ocrx_word' id='word_1_308' title='bbox 245 4199 408 4220; x_wconf 92' lang='grc'><strong>.......</strong></span> <span class='ocrx_word' id='word_1_309' title='bbox 426 4148 463 4236; x_wconf 88' lang='lat' dir='ltr'>[f.</span> <span class='ocrx_word' id='word_1_310' title='bbox 489 4149 652 4239; x_wconf 70' lang='lat' dir='ltr'>aneu...</span> 
     </span>
    </p>
   </div>
   <div class='ocr_carea' id='block_1_6' title="bbox 788 4268 808 4304">
    <p class='ocr_par' dir='ltr' id='par_1_6' title="bbox 788 4268 808 4304">
     <span class='ocr_line' id='line_1_37' title="bbox 788 4268 808 4304; baseline 0 0"><span class='ocrx_word' id='word_1_311' title='bbox 788 4268 808 4304; x_wconf 69' lang='lat' dir='ltr'>u</span> 
     </span>
    </p>
   </div>
   <div class='ocr_carea' id='block_1_7' title="bbox 228 4372 1381 4519">
    <p class='ocr_par' dir='ltr' id='par_1_7' title="bbox 228 4372 1381 4519">
     <span class='ocr_line' id='line_1_38' title="bbox 294 4372 1381 4443; baseline 0.007 -15"><span class='ocrx_word' id='word_1_312' title='bbox 294 4373 307 4428; x_wconf 89' lang='lat'>1</span> <span class='ocrx_word' id='word_1_313' title='bbox 328 4373 387 4430; x_wconf 89' lang='lat' dir='ltr'>cod.</span> <span class='ocrx_word' id='word_1_314' title='bbox 406 4372 583 4443; x_wconf 88' lang='lat' dir='ltr'>discipiebat.</span> <span class='ocrx_word' id='word_1_315' title='bbox 654 4376 671 4429; x_wconf 84' lang='lat'>2</span> <span class='ocrx_word' id='word_1_316' title='bbox 690 4375 725 4430; x_wconf 82' lang='lat' dir='ltr'>Es</span> <span class='ocrx_word' id='word_1_317' title='bbox 743 4373 781 4431; x_wconf 88' lang='lat' dir='ltr'>ist</span> <span class='ocrx_word' id='word_1_318' title='bbox 801 4373 952 4430; x_wconf 83' lang='lat' dir='ltr'>wiederum</span> <span class='ocrx_word' id='word_1_319' title='bbox 971 4373 1036 4432; x_wconf 78' lang='lat' dir='ltr'>dist.</span> <span class='ocrx_word' id='word_1_320' title='bbox 1055 4373 1195 4432; x_wconf 80' lang='lat' dir='ltr'>xxxva.</span> <span class='ocrx_word' id='word_1_321' title='bbox 1280 4381 1298 4435; x_wconf 84' lang='lat'>3</span> <span class='ocrx_word' id='word_1_322' title='bbox 1317 4380 1381 4436; x_wconf 80' lang='lat' dir='ltr'>sri-</span> 
     </span>
     <span class='ocr_line' id='line_1_39' title="bbox 228 4460 601 4519; baseline -0.003 -3"><span class='ocrx_word' id='word_1_323' title='bbox 228 4460 346 4518; x_wconf 86' lang='lat' dir='ltr'>stotslis.</span> <span class='ocrx_word' id='word_1_324' title='bbox 416 4461 511 4519; x_wconf 72' lang='lat' dir='ltr'>duod.</span> <span class='ocrx_word' id='word_1_325' title='bbox 529 4477 601 4516; x_wconf 89' lang='lat' dir='ltr'>oum.</span> 
     </span>
    </p>
   </div>
   <div class='ocr_carea' id='block_1_8' title="bbox 0 0 1500 5068">
    <p class='ocr_par' dir='ltr' id='par_1_8' title="bbox 0 0 1500 5068">
     <span class='ocr_line' id='line_1_40' title="bbox 0 0 1500 5068; baseline 0 0"><span class='ocrx_word' id='word_1_326' title='bbox 0 0 1500 5068; x_wconf 95' lang='lat' dir='ltr'> </span> 
     </span>
    </p>
   </div>
  </div>
 </body>
</html>
