2990 5068
789 420 853 484 144

250 599 427 683 torquetur,
454 597 621 680 presertim
647 619 740 681 quem
765 619 827 661 non
844 599 951 681 potest
973 616 1036 660 non
1053 594 1145 659 unice
1167 593 1302 658 amare?
1330 591 1405 658 Non

248 703 345 768 habet
359 701 514 786 prolecto,
524 703 607 786 quod
630 703 744 780 doleat,
766 703 821 788 qui
834 702 1059 786 probissimum
1079 705 1176 785 atque
1195 700 1405 784 equissimnm

248 809 350 873 virum
364 813 467 871 morte
475 806 658 890 perdiderit,
673 828 747 891 ymo
759 812 796 871 nt
808 807 925 870 rectio
933 806 1056 891 loquar,
1067 827 1161 890 quem
1174 805 1242 869 vite
1250 804 1403 868 donatum

245 913 452 980 intellexerit.
478 909 588 976 Necte
605 912 672 976 ullo
688 915 781 995 pacto
800 915 914 995 tangat
926 909 1085 976 Ciceronis
1101 911 1219 994 opinio,
1237 911 1293 995 qni
1310 910 1342 973 in
1368 932 1404 972 eo

247 1019 339 1095 libro,
356 1019 411 1104 qui
426 1014 677 1082 Tusculanorum
707 1017 902 1096 inscribitur,
925 1017 1075 1096 affirmat,
1098 1037 1162 1081 non
1177 1015 1242 1080 alia
1256 1016 1296 1079 de
1310 1035 1404 1079 caum

246 1144 374 1189 auorum
413 1143 571 1209 quemque
609 1127 727 1186 mortes
780 1121 911 1205 lugere,
955 1121 1017 1185 nisi
1058 1121 1141 1206 quod
1182 1141 1235 1185 eos
1272 1121 1402 1185 orbatos

247 1231 314 1294 uite
336 1227 476 1294 comodis
499 1227 749 1312 arbitra(n)tnr,
786 1227 840 1290 ubi
865 1231 990 1291 tecum
1014 1225 1164 1291 Cicerone
1186 1226 1307 1290 sentire
1328 1246 1400 1309 per-

250 1334 343 1418 cipio.
390 1331 473 1397 Nam
498 1354 555 1415 per
579 1333 670 1396 deum
696 1333 918 1410 immortalem,
942 1332 1037 1396 huius
1053 1332 1151 1397 seculi
1177 1331 1310 1396 comoda
1324 1351 1398 1415 pro-

246 1441 329 1505 lecto
352 1460 414 1503 non
437 1437 502 1501 alia
531 1458 597 1501 esse
619 1437 824 1520 percipimus,
847 1457 941 1521 quam
966 1437 999 1500 in
1023 1437 1089 1502 dies
1104 1441 1252 1521 tempora
1275 1435 1399 1519 pericu·

245 1544 375 1608 losioria
404 1544 533 1622 instare,
559 1543 694 1620 fraudes,
717 1543 1004 1607 circumvenciones
1027 1543 1260 1627 violenciasque
1284 1541 1401 1626 ubique

245 1656 402 1714 terrarum
434 1648 647 1728 insolescere,
678 1649 948 1733 calumpniatores
980 1649 1092 1726 multi,
1129 1648 1276 1712 defensor
1300 1667 1398 1726 rarus,

246 1753 363 1838 ubique
394 1757 592 1838 potenciores
630 1755 819 1838 opprimunt
853 1755 1067 1838 pauperiores.
1122 1753 1163 1819 Ec
1195 1759 1232 1818 ut
1260 1753 1298 1818 ad
1331 1774 1397 1816 rem

246 1861 380 1936 redeam,
403 1859 563 1924 nesciebat
581 1855 701 1938 Cicero,
725 1860 828 1925 veluti
859 1861 1044 1937 veritatem,
1078 1881 1138 1944 que
1162 1859 1325 1937 deusest,
1349 1859 1399 1942 ig·

246 1964 388 2041 norabat,
413 1985 451 2028 ex
467 1963 528 2029 hoc
545 1964 651 2030 seculo
678 1967 854 2049 migrantes
875 1988 934 2049 pro
957 1965 1079 2030 meritis
1095 1966 1160 2030 suis
1183 1971 1215 2030 et
1237 1963 1398 2029 meliorem

246 2075 386 2133 eternam
412 2071 511 2134 vitam
547 2070 732 2153 adepturos,
756 2071 823 2155 ipse
846 2071 1000 2156 lugendos
1022 2076 1128 2136 censet
1151 2077 1312 2155 tamquam
1335 2071 1400 2134 vite

244 2175 381 2239 comodis
404 2175 565 2259 spoliatos.
613 2175 681 2261 nge
715 2199 788 2241 vero
821 2199 883 2243 uon
907 2180 1079 2263 lugendum
1109 2179 1202 2242 modo
1228 2179 1280 2240 sed
1305 2177 1398 2240 vehe-

244 2283 368 2344 menter
393 2281 680 2363 cougratulandnm
716 2304 807 2360 reor,
840 2284 923 2368 quod
947 2305 1009 2348 non
1033 2305 1070 2348 ex
1093 2283 1251 2362 comodis,
1273 2286 1310 2347 ut
1331 2283 1399 2365 ipse

245 2383 354 2451 Cicero
376 2385 439 2464 ait,
463 2387 516 2450 sed
540 2407 613 2452 vere
636 2409 673 2450 ex
697 2388 870 2453 incomodis
910 2393 943 2453 et
972 2389 1131 2454 coutinuis
1160 2388 1322 2453 laboribus
1344 2409 1398 2451 ex-

244 2494 368 2574 emptos
391 2490 557 2574 intelligo,
591 2493 674 2576 quod
705 2493 798 2558 etde
827 2493 999 2558 venerabili
1024 2499 1116 2578 patre
1137 2493 1290 2559 arbitrari
1312 2492 1397 2569 licet,

245 2619 338 2681 quem
361 2602 394 2661 et
416 2597 440 2660 si
465 2596 541 2660 deus
564 2603 596 2662 te
619 2619 676 2661 sua
711 2599 886 2683 privaverit
908 2600 1087 2683 presencia,
1110 2599 1159 2664 illi
1181 2603 1286 2664 tamen
1309 2619 1397 2661 suam

243 2703 399 2766 concessit
421 2723 618 2787 regnumque
647 2709 790 2768 eternum
816 2706 842 2769 ei
867 2705 963 2770 dedit.

331 2805 464 2871 Domum
488 2829 596 2887 unuin,
623 2808 655 2870 in
680 2831 742 2893 quo
765 2819 798 2872 te
820 2830 1019 2894 summopore
1044 2809 1165 2874 hortari
1189 2809 1305 2893 cupio,
1339 2816 1399 2888 est,

246 2913 330 2996 quod
353 2913 379 2975 si
403 2935 551 2998 umquam
578 2918 714 2976 mentem
740 2919 827 2978 tuam
847 2914 1001 2978 beneficia
1022 2913 1230 2978 avenembili
1252 2919 1400 2997 prestan-

246 3018 431 3102 tissimoque
456 3024 547 3101 patre
570 3017 673 3082 felicis
707 3018 857 3082 memorie
881 3019 1032 3101 (mentem
1057 3019 1158 3102 tuam)
1187 3018 1402 3100 accenderint,

242 3123 382 3188 vicissim
414 3124 515 3207 ipsum
544 3124 687 3188 venerari
711 3123 914 3208 plurimaque
930 3124 1062 3189 caritate
1083 3124 1233 3209 amplecti
1257 3126 1320 3189 tuis
1345 3125 1403 3190 be-

243 3226 365 3311 neficijs
388 3229 469 3311 apud
495 3229 587 3292 deum
610 3250 672 3293 nou
697 3229 849 3308 omittas,
881 3229 1067 3293 suavissima
1099 3231 1219 3315 deoque
1242 3235 1333 3315 grata
1359 3231 1401 3294 li-

244 3335 370 3396 bamina
392 3335 424 3398 in
449 3334 553 3398 anime
589 3336 656 3399 eius
688 3333 825 3399 salutem
861 3334 1061 3419 frequencius
1093 3334 1218 3398 celebra
1235 3383 1242 3398 .
1260 3387 1267 3402 .
1286 3386 1293 3401 .
1314 3385 1319 3398 .
1337 3333 1402 3399 His

242 3439 351 3521 pocius
374 3460 469 3522 quam
493 3440 608 3504 ceteris
632 3439 772 3505 luctibus
795 3438 1025 3524 indulgendum
1053 3462 1173 3506 censeo.
1205 3439 1296 3505 Licet
1311 3441 1399 3504 eninr

243 3545 355 3606 nature
378 3543 505 3626 obsequi
531 3545 689 3626 gravitate
713 3547 848 3622 servata,
874 3565 944 3608 cum
969 3545 1079 3625 nichil,
1110 3546 1171 3610 nisi
1195 3547 1278 3629 quod
1303 3546 1401 3611 datur

241 3647 324 3711 veris
346 3645 522 3726 affectibus,
557 3649 792 3734 obsequendum
817 3647 922 3734 est(!),
954 3651 1029 3714 talis
1056 3651 1163 3735 itaque
1195 3652 1322 3716 dolendi
1346 3649 1399 3717 lu-

242 3750 401 3836 gendique
434 3752 527 3818 decor
554 3754 691 3836 sapienti
720 3755 892 3818 servandus
924 3761 981 3819 est.
1043 3755 1131 3839 Equo
1165 3756 1268 3840 igitur
1290 3759 1401 3823 animo

242 3857 453 3922 necessariora
479 3878 515 3922 ec
539 3859 670 3923 utiliora
691 3860 910 3942 amplectende
943 3866 1039 3940 sunt,
1077 3882 1271 3944 supervacua
1300 3863 1399 3927 omit-

241 3963 345 4039 tenda,
369 3963 451 4046 quod
479 3968 514 4027 ut
537 3964 657 4048 iugiter
679 3965 745 4043 fiat,
769 3965 885 4028 obnixe
908 3964 1021 4029 hortor
1052 3970 1083 4030 et
1108 3987 1175 4030 oro.
1222 3965 1305 4031 Nam
1330 3990 1399 4032 me·

240 4068 369 4133 minisse
400 4069 582 4151 parcissime
613 4068 781 4133 inhumani
810 4071 907 4134 animi
938 4075 997 4136 est.
1054 4069 1106 4135 Sic
1137 4093 1219 4152 aves,
1250 4073 1297 4137 sic
1331 4075 1399 4137 l'ere

240 4195 312 4238 suos
327 4174 476 4259 diligunt,
500 4196 634 4259 quarum
651 4175 827 4240 concitatus
852 4178 901 4240 est
924 4197 1014 4240 amor
1035 4181 1067 4240 et
1083 4198 1164 4260 pene
1187 4178 1326 4256 rabidus,
1341 4181 1398 4243 sed

238 4284 343 4344 tamen
367 4280 490 4344 amissis
512 4285 599 4344 totus
623 4282 835 4366 extinguitur.
903 4280 972 4346 Hoc
1000 4287 1031 4346 te
1061 4282 1154 4346 sicuti
1189 4284 1292 4348 virum
1318 4305 1397 4368 pru-

240 4384 365 4447 dentem
389 4406 451 4448 non
474 4385 572 4449 decet.
620 4385 799 4452 Meminisse
824 4387 940 4452 idcirco
966 4407 1143 4471 persevera,
1157 4388 1268 4472 lugere
1283 4409 1396 4472 super-

239 4511 334 4554 vacue
357 4491 471 4556 desiue.
523 4489 592 4554 Hec
626 4492 741 4555 nedum
772 4493 842 4571 tibi,
875 4493 929 4556 sed
968 4492 1064 4558 michi
1088 4492 1265 4578 ceterisque
1287 4515 1396 4558 amore
