3002 5070
649 423 692 487 25

87 601 347 678 dominabantur,
370 620 493 664 summo
515 598 548 662 in
572 599 701 674 honore,
724 621 849 664 summa
873 601 904 664 in
928 600 1095 686 dignitate,
1118 621 1242 666 summa

87 708 120 772 in
147 707 255 792 gloria
277 727 402 790 semper
418 705 519 770 babiti
535 711 610 770 sunt
632 707 664 768 et
689 726 773 769 nunc
788 704 956 770 habentur.
1003 705 1137 771 Divinus
1152 727 1241 770 nam·

87 835 150 898 qne
165 811 287 892 Cicero,
310 817 533 876 ornamentum
561 832 598 876 aa
633 811 774 894 dignitas
796 811 898 876 tocius
920 816 1046 876 senatus
1068 810 1243 894 populique

86 917 212 980 romani
244 917 331 984 omni
363 917 456 982 laude
486 925 520 980 et
550 916 763 982 admiracione
795 917 928 1000 dignus,
963 916 1103 1001 plurimo
1125 916 1241 994 studio,

86 1023 228 1087 maximo
259 1021 408 1100 consilio,
444 1022 581 1086 maxima
615 1021 787 1106 diligencia
818 1022 969 1086 adiuncta
999 1021 1181 1087 constancia
1210 1025 1242 1084 et

85 1129 186 1194 animi
212 1129 432 1212 magnitudine
456 1127 699 1211 rempublicam
722 1127 772 1192 uti
787 1133 940 1211 patronus
963 1130 995 1192 et
1018 1131 1110 1212 pater
1131 1126 1240 1191 desen-

84 1234 144 1310 dit,
169 1255 229 1318 pro
252 1256 316 1319 qua
330 1239 465 1299 mortem
477 1232 585 1298 subire
602 1233 731 1299 minime
748 1233 918 1298 dubitavit.
949 1231 1022 1296 Non
1040 1235 1072 1296 te
1094 1231 1240 1315 preterit,

86 1339 195 1403 daiam
221 1335 258 1426 [f.
274 1339 352 1424 300]
369 1339 397 1403 ei
421 1339 518 1404 fuisee
540 1338 586 1404 rei
610 1338 747 1422 publice
770 1339 1093 1417 administracionem,
1116 1337 1241 1420 abipso

84 1445 225 1527 patriam
249 1451 405 1508 servatam
434 1450 626 1529 senatusque
649 1445 835 1529 plerumque
867 1445 895 1510 ei
930 1443 1053 1529 gracias
1076 1442 1179 1527 egerit
1193 1443 1240 1524 (Ξ),

83 1549 259 1632 prasertim
282 1548 355 1613 dum
372 1571 440 1614 eam
464 1548 635 1614 eOatiline
650 1550 724 1614 cede
739 1557 835 1635 atque
852 1549 1006 1633 incendijs
1021 1546 1168 1634 statu(m)
1196 1547 1240 1611 rei

82 1654 215 1738 publica
237 1653 450 1720 labefactante
473 1655 657 1720 liberaverit
680 1656 840 1721 accirem
867 1655 1079 1740 perniciosum
1103 1652 1239 1719 acerbis·

81 1760 266 1844 simumqne
294 1759 415 1824 hostem
448 1760 656 1826 cohercuerit.
703 1759 793 1826 Unde
822 1759 984 1826 Lucanus:
1027 1758 1240 1825 ›Cunctorum

83 1885 180 1929 voces
203 1866 325 1930 romani
361 1867 517 1931 maximus
540 1872 634 1932 autor
658 1865 786 1932 Tullius
809 1865 959 1951 elloquij,
978 1865 1066 1930 cuius
1089 1863 1148 1927 sub
1172 1863 1240 1928 iure

82 1975 227 2054 togaque
256 1969 430 2052 pacificae¹
467 1991 559 2036 sevus
588 1974 722 2036 tremuit
753 1972 891 2036 Catilina
926 1991 1061 2050 secures,
1093 1967 1239 2053 pertulit,

82 2077 189 2139 iratus
214 2073 326 2152 bellis,
350 2097 419 2140 cum
446 2081 549 2141 rostra
572 2076 740 2161 lorumque
763 2081 892 2161 optaret
920 2096 1031 2160 passus
1056 2081 1119 2138 tam
1145 2075 1241 2156 longa

82 2180 219 2244 silencia
243 2179 344 2244 miles.
393 2181 524 2247 Addidit
540 2181 677 2247 invalide
703 2184 799 2247 robur
815 2181 963 2247 facundia
986 2202 1109 2246 cause«
1124 2175 1148 2244 ¹.
1185 2178 1239 2243 Id·

81 2287 172 2350 circo
187 2286 255 2370 ipse
271 2305 398 2350 romana
414 2287 562 2371 princeps
578 2287 760 2372 eloquencie
772 2309 830 2372 per
842 2308 899 2352 ora
915 2287 1018 2350 virum
1033 2284 1145 2348 volitat
1156 2305 1238 2348 sem·

81 2412 207 2475 perque
229 2390 387 2456 volitabit.

175 2494 297 2571 Quibus
312 2497 458 2560 omnibus
475 2517 535 2560 non
554 2498 689 2574 mireris,
715 2498 757 2561 mi
777 2496 980 2583 Hyeronime,
1004 2497 1031 2560 si
1048 2495 1184 2560 libenter
1201 2494 1239 2558 de

83 2599 239 2678 utilitate,
257 2600 295 2665 de
311 2601 378 2665 aius
395 2601 625 2686 magnitudine,
650 2602 688 2666 de
710 2601 884 2666 amenitate
899 2602 1057 2667 scribendi
1073 2601 1238 2666 materiam

83 2707 194 2788 lingo,
228 2705 347 2790 quippe
377 2711 454 2790 apta
485 2708 719 2772 sentenciarum
746 2707 960 2773 collocucione
983 2707 1063 2772 nibil
1089 2705 1239 2791 pulcrius,

83 2810 170 2874 nibil
193 2817 307 2874 ornata
330 2811 476 2875 oracione
499 2811 635 2890 suavius,
661 2812 742 2876 nihil
759 2833 836 2876 sono
856 2811 926 2895 ipsc
942 2811 1052 2876 auditu
1075 2809 1239 2875 iocundius

83 2921 192 2998 potest
214 2917 351 2981 inveniri
387 2916 616 2994 meoiudicio,
647 2918 729 2982 sicut
753 2917 884 2983 dulcedo
910 2917 1009 2982 eciam
1039 2917 1139 3000 ipsius
1161 2915 1239 2980 artis

84 3021 210 3104 poetice
232 3021 370 3086 attrahit
393 3043 452 3086 me.
509 3021 682 3106 Propterea
705 3022 788 3087 haud
811 3044 887 3087 sane
909 3023 1087 3087 mirandum
1114 3028 1179 3100 est,
1211 3020 1237 3084 si

83 3149 219 3208 magnos
242 3129 316 3192 illos
339 3131 371 3192 et
392 3127 554 3211 preclaros
577 3127 722 3193 homines
753 3133 878 3194 tantum
896 3128 1081 3212 eloquentia
1104 3125 1238 3190 valuisse

83 3233 250 3316 fingit(ur)
282 3233 478 3317 antiquitas,
513 3239 549 3298 ut
578 3234 734 3300 oracionis
766 3233 932 3300 dulcedine
964 3233 1104 3298 immites
1137 3231 1239 3297 lenire

83 3339 180 3414 ieras,
204 3338 353 3402 diducere
376 3359 519 3422 quercus,
543 3359 618 3402 saxa
642 3361 777 3420 movere,
803 3361 880 3404 sono
903 3337 1074 3404 testudinis
1098 3342 1129 3400 et
1145 3357 1237 3420 prece

86 3441 243 3530 blauda[!]
255 3443 368 3508 ducere
379 3465 441 3528 quo
457 3443 587 3523 vellent,
603 3449 639 3508 ut
650 3445 792 3510 fabulose
805 3449 884 3530 aput
897 3443 1044 3510 Ovidium
1060 3443 1099 3508 de
1110 3438 1238 3524 Orpheo

85 3549 248 3626 babemus,
272 3549 328 3634 qui
344 3549 462 3614 dicitur
475 3546 583 3613 vocis⁸
611 3549 806 3614 iocunditate
828 3551 934 3614 omnia
949 3549 987 3613 ad
1005 3570 1039 3614 ae
1057 3546 1236 3612 attraxisse.

88 3651 177 3718 Unde
206 3651 350 3719 Oratius:
391 3653 523 3720 »Dictus
553 3659 585 3718 et
612 3654 783 3741 Amphyon
808 3653 958 3720 Thebane
985 3655 1129 3720 conditor
1156 3652 1236 3717 arcis

84 3781 160 3824 saxa
183 3779 309 3824 movere
335 3759 449 3846 loc0[!]
478 3760 646 3824 testudinis
668 3766 702 3825 at
716 3783 809 3845 prece
832 3763 947 3827 blanda
964 3763 1078 3827 ducere
1093 3779 1156 3844 quo
1173 3757 1236 3821 vel·

88 3865 141 3928 let.
198 3861 273 3929 Fuit
303 3865 360 3928 bec
395 3865 553 3948 sapiencia
594 3868 771 3951 qnondam,
805 3866 933 3951 publica
968 3866 1103 3952 privatis
1135 3884 1236 3928 secer·

86 3992 183 4048 nere,
212 3990 301 4034 sacra
327 3969 512 4052 prophanis,
535 3972 705 4036 concubitu
732 3972 902 4057 prohibere
929 3994 1026 4058 vago,
1061 3972 1135 4036 dare
1166 3969 1237 4032 iura

87 4075 220 4154 maritis,
248 4075 366 4160 oppida
389 4074 516 4155 moliri,
551 4077 637 4162 leges
672 4079 809 4144 incidere
842 4079 940 4163 ligno.
995 4075 1048 4143 Sic
1075 4076 1174 4141 bonor
1205 4079 1237 4138 et

87 4203 200 4246 nomen
223 4181 339 4246 divinis
355 4181 481 4246 vatibus
496 4187 593 4266 atque
609 4183 803 4247 carminibus
818 4186 935 4247 venit«
984 4181 1042 4246 Sed
1069 4181 1127 4244 hac
1151 4183 1236 4244 etate

88 4287 221 4352 maxime
237 4292 285 4352 est
299 4287 511 4353 admiracione
545 4287 686 4372 dignum,
710 4309 780 4353 eum
805 4289 949 4372 preclara
972 4287 1102 4371 ingenia
1124 4307 1181 4350 nec
1203 4284 1236 4347 in

651 4427 668 4464 a

163 4531 253 4586 leod.
272 4531 411 4603 pacificus.
497 4529 513 4586 2
533 4527 679 4588 Pharsalia
699 4530 759 4596 Vll,
779 4531 812 4586 62
832 4530 860 4584 ff.
931 4531 947 4588 3
966 4529 1024 4587 cod.
1046 4545 1130 4586 voces.
