3002 5062
281 419 345 482 374
589 415 712 484 Anhang
726 414 905 470 rerwundter
918 414 1118 484 ernthluugen.

282 594 429 658 denarios
445 593 546 672 hince,
570 593 699 658 latomis
714 599 819 658 55155]
839 597 872 656 51
887 591 988 656 febris
1005 590 1153 676 lignariis
1177 613 1214 655 55
1229 591 1441 676 carpentariis

283 720 383 776 senos,
407 696 507 762 nDeo
529 700 735 783 quaesierunt
751 699 883 782 priores,
908 701 1063 782 quantum
1080 697 1288 780 possessionis
1312 718 1348 760 ex
1369 703 1439 759 tan-

284 804 357 868 tilla
380 805 523 870 mercede
555 809 787 890 compararent.
834 804 1032 887 Respondit,
1066 807 1222 887 quantum
1256 800 1334 865 sutis
1358 807 1437 863 esset

286 910 363 993 ipsis
387 915 419 974 et
433 910 544 974 liberis
561 912 731 996 quotannis
748 911 905 994 iugerum.
951 908 993 971 At
1009 907 1153 991 reliquis,
1178 911 1334 991 quantum
1351 925 1437 968 corn-

258 1020 452 1098 sperarent,
484 1017 667 1098 petentibus
691 1016 874 1098 respondit,
906 1013 1036 1078 cottidie
1063 1014 1188 1076 tantum
1214 1017 1317 1075 terrae
1347 1032 1438 1094 poms

284 1141 478 1202 comparare,
504 1126 659 1204 quantum
675 1143 733 1204 per
749 1141 842 1184 crure
865 1123 1038 1183 retrorsum
1063 1117 1227 1200 bipennim
1248 1117 1440 1200 proicerent

285 1224 398 1288 Connti
423 1231 529 1290 nutem
560 1247 636 1308 pree
668 1226 802 1290 esuritis
835 1225 867 1288 in
900 1223 1031 1307 longum
1063 1221 1205 1306 proicere
1238 1221 1270 1284 iu
1296 1222 1436 1304 podicem

284 1331 497 1413 proiecerunt,
519 1331 551 1394 in
570 1353 662 1416 quem
690 1331 756 1395 fere
773 1352 905 1414 magnae
921 1329 1079 1394 mercedes
1103 1349 1187 1392 nunc
1202 1349 1329 1412 quoque
1353 1327 1439 1410 proi-

284 1437 422 1500 ciuntur.
467 1435 639 1501 Praetereo
661 1438 773 1501 dicunt
796 1457 888 1500 reuss
919 1442 951 1500 et
978 1434 1086 1500 simius
1108 1433 1154 1496 sic
1185 1431 1330 1497 effectus:
1364 1429 1440 1495 Cum

248 1558 270 1593 1⁰
286 1541 472 1605 muliercule
496 1541 553 1622 (sit
581 1542 646 1606 Eva
668 1549 725 1607 sut
740 1543 819 1626 ulio)
843 1542 938 1606 nimis
961 1541 1096 1605 fecunda
1119 1543 1282 1602 vereretur
1298 1537 1438 1602 venienti

286 1644 352 1708 Deo
368 1665 475 1708 omnes
493 1646 608 1710 liberos
625 1647 768 1729 prodere,
792 1647 932 1710 occuluit
953 1644 1104 1730 quosdam
1122 1645 1153 1707 in
1170 1642 1265 1706 furno
1288 1649 1321 1706 et
1346 1663 1443 1726 quos·

285 1750 356 1814 dem
379 1751 438 1814 sub
461 1772 533 1816 vase
557 1751 698 1816 elixorio.
750 1750 892 1836 Reliquis
924 1756 1030 1815 autem
1066 1750 1217 1814 beneficio
1250 1749 1380 1812 donetis
1411 1755 1443 1811 et

286 1860 424 1939 negante
447 1858 554 1938 plures
590 1858 705 1923 hebere
737 1859 830 1922 iussit
862 1856 964 1933 Deus,
998 1857 1050 1940 qui
1077 1855 1381 1933 1515555555551,
1412 1854 1443 1916 in

286 1961 393 2024 simias
423 1963 583 2040 converti,
617 1964 672 2048 qui
701 1965 874 2041 subverse,
906 1963 938 2026 in
971 1983 1063 2028 renes
1086 1969 1119 2026 51
1142 1961 1285 2028 bufones.
1331 1959 1441 2024 'Palem

251 2082 274 2121 ¹⁵
289 2067 390 2150 igitur
413 2067 583 2152 apologum
607 2089 643 2134 uc
665 2068 819 2134 labellum
842 2067 959 2134 anilem
985 2069 1037 2132 hic
1060 2069 1268 2153 prosequitur
1288 2073 1413 2131 unctor.

756 2295 820 2361 Xll
842 2305 887 2374 (zu
902 2322 943 2358 nr.
957 2304 1013 2374 rr).

360 2437 430 2508 Ein
456 2436 571 2510 sehon
600 2436 690 2509 liedt
721 2459 790 2508 von
820 2437 902 2510 dem
933 2437 1078 2532 plarrer
1104 2440 1155 2510 im
1184 2437 1368 2512 federfuss.

531 2619 561 2672 ln
581 2618 629 2672 des
648 2617 789 2687 Heynrich
808 2617 983 2687 Mfiggslsins
1000 2623 1109 2688 griluen
1129 2618 1207 2673 thou.

290 2766 379 2838 (Hans
391 2765 512 2844 Suc-hs,
537 2764 832 2835 Meistcrgesungbueh
848 2767 874 2830 11,
887 2764 947 2820 279.
974 2765 1040 2821 Hier
1053 2767 1125 2821 noch
1138 2767 1205 2820 55551
1217 2767 1444 2824 einzeldrueken:

251 2865 276 2901 ²⁰
291 2855 456 2925 Nllrnberg.
484 2853 548 2911 Vol.
567 2853 678 2910 Neuter
697 2854 753 2909 und
773 2855 967 2926 Mugdeburg‚
997 2855 1138 2925 Psugrutr
1157 2855 1282 2926 Ksmpff;
1301 2857 1332 2912 in
1352 2857 1444 2912 Berlin

290 2943 498 2999 Ῡ518516555
518 2943 597 2998 8575.
626 2973 659 2982 -
689 2942 738 2998 1115
756 2943 877 2999 melodie
903 2945 979 2999 stelit
1003 2944 1033 2998 in
1060 2943 1250 3001 Puschmsnns
1268 2944 1446 3000 hundsehrilt

444 3030 496 3084 551
512 3030 562 3085 der
581 3030 728 3086 Bresluuer
746 3031 984 3088 stsdtbibliothsk
1003 3050 1044 3087 ur.
1064 3033 1124 3097 356,
1144 3032 1182 3087 bl.
1202 3032 1294 3101 1425.)

502 3246 582 3311 Hort,
601 3247 652 3302 wie
671 3265 720 3302 vor
740 3247 840 3318 longer
860 3247 914 3303 seit

451 3335 489 3389 Zu
508 3335 743 3392 Summerhsusen
856 3336 975 3393 duussen

454 3426 535 3480 Vonn
555 3424 720 3494 Wirtzburg
738 3425 817 3480 nicht
835 3425 893 3480 fust
911 3427 986 3494 weyt

453 3511 614 3567 Geschehen
633 3510 671 3566 ist
689 3512 734 3567 ein
752 3513 870 3569 seltzum
889 3513 1087 3582 stenthowrel

502 3598 575 3654 Aldu
592 3599 637 3653 eiu
657 3599 756 3655 hocker
775 3599 835 3665 sall,

450 3688 504 3743 Der
522 3686 602 3756 listig
621 3703 695 3741 were
801 3704 876 3758 gere,

450 3777 503 3829 Der
522 3773 656 3829 occhein
678 3775 775 3843 vogler
793 3793 858 3838 5555,

448 3859 504 3913 1155
522 3859 561 3913 im
580 3859 617 3914 de
635 3859 702 3914 kern
720 3879 754 3914 55
773 3861 843 3916 15151
861 3879 914 3932 ger
935 3863 989 3919 wol
1009 3881 1042 3917 55
1062 3866 1169 3918 stewre.

504 3948 557 4002 Der
575 3946 674 4002 hocker
694 3948 742 4003 het
759 3948 804 4003 cin
823 3949 939 4016 lrowsn,

449 4035 498 4091 Die
518 4053 575 4090 5555
595 4052 649 4092 555
668 4037 752 4092 elureu
776 4037 876 4104 fromb,
895 4037 1018 4109 zllchtig,
1038 4039 1264 4109 wolgeschnffeu,

449 4126 484 4178 llr
502 4127 564 4180 thet
583 4125 607 4178 ir
626 4125 679 4181 wol
700 4127 865 4180 5551555555.

453 4212 526 4269 lloch
546 4213 644 4267 hellen
662 4213 702 4267 sie
721 4212 758 4267 im
778 4213 853 4270 dorff
868 4213 914 4269 ein
932 4213 1053 4282 reychen
1071 4215 1188 4285 5151155,

364 4404 646 4474 155155555155551.
717 4406 862 4476 8quoqus
874 4407 1034 4476 proliciunt.
1097 4408 1257 4468 Variantou
1273 4411 1325 4470 ds·
1340 4415 1446 4494 Magdo-

296 4495 398 4569 bnrgsr
417 4492 532 4550 druclrs:
552 4493 585 4548 25
606 4493 748 4551 dreusseu.
837 4495 870 4552 33
890 4494 992 4551 frumo.
