3002 5070
783 415 825 478 36

776 694 833 766 15.

229 833 404 907 Wilhelm
434 857 467 908 v.
484 833 697 907 Reichenau
724 855 774 904 an
789 829 1002 926 Sigismund
1025 833 1285 929 [Gessembrot
1312 835 1385 906 den

402 958 615 1054 jungerem]
670 954 801 1028 Padua
834 955 930 1028 1458
966 957 1049 1051 [vor
1072 957 1157 1055 juli]
1174 957 1196 1030 ¹.

418 1112 482 1168 clm.
501 1111 553 1168 504
570 1112 590 1168 i.
609 1111 669 1166 396.
690 1109 833 1165 tbeebritt
854 1109 1019 1166 Hartmann
1038 1110 1178 1168 Schedelc.

227 1237 529 1304 Nachricbten
559 1258 638 1304 von
680 1237 811 1302 sciner
843 1237 1052 1324 geliebten
1084 1240 1124 1302 in
1161 1239 1387 1324 Angeburg
1496 1272 1497 1287 κ

613 1343 690 1408 und
717 1343 832 1408 deren
857 1343 988 1409 kinde.

317 1484 471 1550 Amiceac
484 1482 785 1563 fratersuarisuimc,
802 1489 873 1549 tues
885 1485 1118 1550 nudiustercius
1134 1485 1241 1568 accepi
1258 1485 1382 1550 missae

229 1589 302 1673 Hija
316 1588 407 1654 lectis
422 1594 455 1653 ct
472 1589 567 1654 timor
583 1593 616 1652 et
632 1588 744 1674 iugens
759 1587 895 1674 dolor(e)
912 1591 1089 1674 permixtus
1104 1590 1211 1654 subito
1228 1590 1384 1666 invasere,

228 1695 373 1779 equidem
405 1715 475 1759 eum
507 1698 602 1778 poeta
628 1693 733 1758 dicere
762 1715 907 1778 possum:
947 1691 1125 1777 »Obstupui
1156 1697 1383 1778 steteruntque
1497 1686 1498 1695 ’

231 1799 345 1880 crines,
370 1821 429 1865 vox
451 1798 596 1864 faucibus
619 1799 732 1864 hesit«
783 1799 916 1865 Demum
933 1799 1101 1866 recollecto
1125 1801 1157 1863 in
1172 1801 1256 1864 vires
1272 1799 1382 1864 animo

228 1904 347 1969 defixos
368 1903 496 1987 longius
523 1903 556 1968 in
589 1909 708 1969 terram
738 1905 846 1970 oeulos
869 1906 995 1970 tandem
1019 1906 1116 1985 erexi,
1139 1906 1292 1970 nuncium
1317 1906 1384 1970 sin·

229 2007 314 2094 gulia
337 2009 375 2073 de
398 2008 492 2072 rebus
526 2007 678 2092 rogitans.
735 2008 767 2073 la
789 2009 932 2073 seriatim
963 2031 1022 2094 pro
1051 2031 1144 2094 posse
1166 2011 1274 2076 omnia
1297 2032 1385 2075 com·

232 2114 430 2179 memorabat
453 2117 486 2178 et
507 2113 651 2196 profecto
673 2113 807 2179 dolenda
829 2115 934 2194 nimis,
957 2115 990 2178 ni
1013 2119 1104 2179 tuum
1129 2115 1188 2180 hac
1212 2117 1244 2180 in
1270 2138 1304 2180 re
1319 2117 1386 2181 tuis

233 2243 271 2284 ex
293 2218 422 2304 scriptis
440 2239 476 2282 ac
499 2218 585 2283 dicto
600 2218 707 2302 nuncij
732 2219 809 2286 adeo
825 2219 922 2284 fidum
947 2222 1112 2286 sensissem
1128 2222 1282 2287 animum.
1320 2221 1384 2286 Ve-

230 2350 300 2392 rum
325 2333 381 2393 tua
404 2327 480 2390 fides
511 2345 763 2411 permagnopere
786 2349 837 2390 me
859 2325 1047 2405 delectabat,
1072 2331 1109 2391 ut
1135 2347 1252 2406 meror,
1276 2327 1386 2392 luctus

230 2434 366 2519 denique
388 2431 491 2497 omnis
507 2431 626 2514 raptim
641 2431 880 2511 evanescebant,
903 2452 1027 2496 mecum
1042 2432 1111 2515 ipse
1125 2431 1296 2498 volutans:
1319 2431 1387 2497 Cur

230 2537 455 2604 formidulosus
482 2558 533 2617 es,
565 2537 641 2620 qnid
665 2540 754 2601 tutus
776 2537 880 2616 times,
904 2558 975 2602 cnm
1000 2533 1241 2620 Sigismundunr
1265 2537 1386 2604 hebens

231 2649 338 2723 tuum,
362 2643 472 2727 quiin
496 2641 557 2706 hoe
580 2642 641 2706 tibi
663 2663 700 2706 ac
715 2643 829 2707 ceteris
851 2642 916 2706 tuis
931 2643 965 2705 in
988 2641 1130 2727 negocijs
1144 2663 1270 2727 semper
1291 2643 1385 2708 adiu-

230 2753 338 2814 mento
366 2750 435 2813 erat
469 2753 563 2832 teque
586 2769 759 2834 numquam
783 2749 923 2827 deseret,
955 2767 1013 2812 nec
1036 2747 1140 2812 minus
1162 2769 1221 2831 pro
1244 2753 1301 2812 tuo
1324 2747 1385 2813 ho-

231 2854 351 2919 honore
374 2875 410 2920 ac
432 2854 550 2918 tuende
572 2855 752 2938 dignitate,
782 2875 878 2938 quem
901 2853 1034 2938 propria
1062 2852 1164 2918 salute
1187 2853 1325 2918 certabit
1350 2863 1385 2920 et

230 2961 330 3026 ferme
352 2958 517 3037 duellabit,
539 2959 566 3022 ei
589 2980 669 3042 opus
692 2963 750 3025 est.
796 2956 870 3023 Non
894 2959 979 3023 enim
1001 2961 1120 3023 temere
1143 2959 1270 3037 scribo,
1301 2961 1386 3024 sensi

230 3066 385 3151 equidem,
409 3064 491 3129 sensi
514 3063 618 3144 fidem,
642 3063 843 3149 diligentiam
866 3086 903 3129 ac
925 3065 1088 3149 integrum
1111 3064 1145 3128 in
1166 3087 1217 3130 ma
1239 3087 1385 3133 amorem

230 3176 333 3252 tuum,
356 3175 406 3235 set
429 3169 505 3254 quid
528 3169 667 3254 amplius
689 3169 873 3234 faciundum
890 3169 943 3248 sit,
966 3168 1017 3234 hic
1033 3191 1124 3254 opus,
1149 3170 1203 3235 hic
1218 3170 1310 3236 labor
1327 3181 1388 3237 ast.

229 3275 312 3341 Sene
334 3277 398 3341 tuis
417 3295 502 3340 nunc
524 3273 716 3339 fidelissimis
731 3294 827 3358 egens
844 3295 920 3358 egeo
936 3274 1086 3359 consilijs
1132 3273 1201 3340 Scia
1217 3276 1302 3340 euim
1322 3300 1386 3362 quo

231 3383 263 3446 in
286 3387 372 3446 statu
396 3402 511 3459 verser,
536 3385 656 3463 quauta
679 3379 717 3443 de
740 3400 790 3442 me
814 3379 1011 3463 exspectacio
1027 3379 1194 3460 habeatnr,
1218 3403 1254 3447 ac
1277 3383 1390 3467 qualia

231 3491 470 3569 exspectaturus
493 3485 581 3550 siem.
627 3481 673 3548 ΤΘ
696 3483 815 3548 etenim
838 3507 936 3549 unum
961 3485 1043 3550 nihil
1069 3487 1130 3550 mei
1161 3509 1314 3571 umquam
1338 3511 1389 3553 se-

231 3593 310 3657 creti
334 3591 444 3669 celavi,
467 3593 503 3654 tu
527 3590 602 3654 boni
624 3589 764 3672 malique
787 3589 872 3653 solus
896 3612 928 3654 es
950 3591 1104 3670 conscius,
1129 3613 1190 3674 que
1217 3599 1272 3657 tuo
1297 3593 1388 3658 clusa

230 3698 264 3762 in
287 3702 415 3780 pectore
446 3717 482 3761 ac
513 3693 639 3781 sepulta
662 3716 728 3760 esse
756 3695 857 3760 veluti
881 3695 914 3760 in
937 3697 1158 3784 adijmanted)
1191 3699 1386 3782 scrulpta(!)

231 3804 362 3866 minime
384 3801 505 3866 dubito.
551 3799 655 3875 Quare
677 3821 717 3865 ne
740 3823 777 3864 ex
801 3799 979 3865 scintillula
1001 3802 1122 3867 maiora
1146 3803 1274 3887 qnidam
1299 3805 1389 3887 peri·

233 3907 303 3972 culs
327 3909 496 3988 incurram,
521 3911 558 3972 ut
580 3905 629 3971 illi
645 3905 831 3971 muliercule
855 3905 1021 3989 blandicijs
1037 3908 1226 3991 persuadeas
1241 3910 1274 3971 et
1290 3909 1389 3972 minis

232 4047 271 4061 ·-
288 4013 315 4076 si
331 4013 363 4077 id
379 4012 558 4078 consultum
576 4009 761 4076 videbitur²
781 4048 818 4059 —
837 4012 967 4075 induces
989 4011 1194 4078 vehementer
1217 4013 1323 4096 cupio,
1347 4037 1389 4077 ne

232 4120 323 4184 modo
346 4119 455 4205 aliquo
477 4120 517 4186 ad
539 4141 590 4183 me
613 4119 729 4184 veniat.
777 4117 937 4193 Quantum
963 4119 1047 4182 euim
1065 4117 1199 4202 periculi
1225 4117 1287 4201 hijs
1305 4118 1386 4183 mihi

233 4225 429 4310 temporibus
444 4224 618 4303 induceret,
641 4222 755 4288 melius
770 4245 864 4307 quam
881 4225 1019 4288 scribere
1036 4229 1223 4308 promptum
1246 4228 1306 4305 est,
1329 4229 1387 4290 tuo

802 4333 820 4374 e

307 4419 319 4470 l
341 4414 458 4470 Zweiter
470 4413 540 4469 euhn
558 4414 606 4468 den
626 4413 856 4482 burgermeieters
875 4415 932 4484 vgl.
950 4417 1039 4470 unten
1058 4433 1098 4470 nr.
1112 4416 1154 4469 64.
1191 4418 1235 4468 An
1253 4413 1305 4469 ibn
1322 4415 1385 4471 sind

234 4502 279 4555 die
300 4502 370 4556 oben
389 4519 409 4553 a.
431 4501 476 4554 15¹
495 4501 657 4554 erwtlhnten
680 4517 756 4554 verre
774 4499 946 4572 Rotenpecks
965 4501 1113 4570 gericbtet.
1167 4501 1254 4558 2cod.
1275 4501 1387 4557 viderit.
