2990 5068
640 398 682 462 99

80 577 292 642 fabulaoionis
315 577 365 641 vie
389 575 523 660 quedam
546 581 621 640 sunt
654 577 692 640 ad
716 575 868 641 facinora.
928 575 1094 641 Enimvero
1118 574 1236 640 iacien-

82 682 159 746 dum
183 681 254 761 erit,
278 687 315 746 ut
338 671 416 764 apes
437 679 573 745 maxime
602 680 637 744 in
654 678 714 745 hac
736 701 771 745 re
784 680 956 745 imitemur.
1002 680 1062 745 Ille
1084 681 1168 746 enirn
1184 701 1242 745 nec

81 808 193 850 omnes
214 785 307 850 flores
331 785 452 870 pariter
475 785 594 850 adeunt
617 805 674 850 nec
696 785 722 847 si
746 805 826 868 quos
849 785 979 862 adeunt,
1007 807 1059 852 eos
1075 789 1161 850 totos
1183 785 1240 849 ab·

81 895 233 968 sumunt,
268 890 322 954 sed
345 911 381 954 eo
403 889 471 954 solo
494 890 620 969 ablato,
652 890 736 975 quod
759 891 847 974 operi
871 911 928 955 suo
951 893 1060 975 aptum
1083 891 1142 969 sit,
1166 888 1241 953 roli-

85 1019 185 1080 qunm
213 1017 306 1060 omne
328 994 434 1060 valere
449 997 569 1062 sinunt.
617 995 658 1060 Et
682 1017 738 1060 nos
762 1016 898 1082 quoque,
920 995 947 1060 si
970 997 1110 1079 sapimus
1131 997 1164 1058 et
1186 1014 1242 1056 no-

82 1107 225 1166 strorum
250 1101 408 1165 maiorum
431 1101 568 1186 vestigia
584 1101 674 1186 sequi
696 1099 851 1180 uolumus,
876 1123 948 1166 eum
964 1102 994 1166 id
1018 1098 1244 1185 exceperimus,

83 1207 170 1291 quod
195 1207 326 1270 veritati
340 1206 477 1270 amioum
492 1210 803 1292 consentaneumque
819 1207 872 1280 sit,
896 1211 1002 1271 cetera
1016 1208 1123 1270 omnia
1138 1209 1243 1269 trans·

84 1312 269 1394 grediemur
286 1315 319 1375 et
334 1311 469 1375 velutin
487 1311 567 1376 rosis
580 1311 722 1396 legendis
737 1316 841 1376 sentes
858 1313 994 1377 vitamus
1007 1311 1053 1394 (!).
1076 1309 1127 1375 Ite
1142 1331 1244 1394 quan·

85 1423 157 1481 tum
180 1416 307 1481 utiliter
322 1417 479 1500 scriptum
496 1420 554 1492 est,
578 1417 784 1501 accipientes,
806 1417 940 1503 reliqua,
956 1439 1018 1502 que
1038 1437 1150 1481 nocere
1172 1436 1244 1501 pos·

84 1527 172 1600 sunt,
197 1520 457 1586 declinabimusa
504 1519 573 1585 Hac
587 1521 652 1585 ille.
691 1521 805 1587 Danda
819 1527 870 1586 est
884 1523 986 1608 igitur
1001 1543 1109 1606 opera,
1132 1524 1245 1605 patrue

81 1626 283 1706 suavissime,
312 1630 350 1692 ut
365 1631 475 1710 poetas
492 1627 574 1692 bona
589 1632 621 1692 et
636 1629 721 1693 mala
738 1629 922 1706 tractantes,
949 1628 1025 1693 dum
1046 1629 1150 1692 ocium
1170 1648 1245 1710 sup·

88 1731 226 1814 peditat,
251 1731 493 1817 diligentissime
515 1732 622 1816 legere
646 1755 746 1812 cures,
774 1733 916 1820 falsaque
941 1755 1049 1799 eorum
1073 1731 1247 1798 refellenda

88 1843 138 1903 est
162 1837 294 1921 opinio,
326 1838 382 1921 qui
406 1859 458 1902 eos
487 1836 595 1922 legere
625 1837 808 1921 prohibent.
855 1836 936 1903 Nam
969 1843 1006 1902 ut
1022 1836 1247 1915 Quintilianus,

85 1948 201 2008 orator
216 1941 362 2025 profecto
377 1963 529 2022 summm,
544 1943 666 2026 inquit:
692 1941 898 2028 ’Iniquomm
916 1944 1071 2008 noscenda
1087 1947 1137 2007 est
1153 1943 1247 2020 racio,

85 2053 122 2112 ut
145 2045 262 2112 melius
289 2069 376 2133 equa
401 2051 576 2112 tuamne«
624 2047 824 2132 Augustinus
849 2053 1004 2132 pretereo,
1026 2069 1186 2113 sacrarum
1208 2047 1248 2111 li-

86 2160 233 2219 terarum
261 2153 389 2232 lumen,
423 2174 482 2237 pro
504 2174 560 2217 sua
584 2152 738 2218 facultate
760 2154 795 2218 in
817 2153 901 2220 libro
924 2155 962 2219 de
983 2153 1052 2218 vita
1073 2152 1249 2218 christiana

87 2279 146 2322 nos
171 2257 318 2324 bortasse
343 2258 428 2323 visus
444 2264 501 2322 est.
538 2255 751 2322 »Auferamus
779 2259 871 2337 bona,
895 2258 1011 2346 inquit,
1034 2258 1156 2324 abillis
1172 2280 1249 2344 gen·

86 2363 204 2429 lilibus
227 2366 391 2449 tamquam
425 2363 466 2428 ab
489 2362 630 2448 indignis
652 2364 915 2447 possessoribusa
972 2365 1056 2443 Quid
1086 2365 1188 2430 dicam
1211 2365 1250 2428 de

90 2467 265 2534 Lactancio
290 2466 462 2547 Firmiano,
484 2467 574 2532 cuius
596 2489 633 2532 ex
657 2489 712 2534 ore
734 2470 830 2534 melle
845 2470 970 2537 dulcior
985 2471 1164 2556 profluebat
1179 2491 1250 2534 ora·

87 2577 151 2656 cio,
177 2577 254 2660 qnid
279 2577 317 2641 de
332 2574 531 2655 Hieronimo,
555 2575 610 2659 qui
634 2595 826 2659 magnopere
857 2597 913 2641 nos
936 2577 1073 2640 incitant
1096 2577 1252 2659 nobisque

88 2680 295 2765 persuadent,
318 2685 355 2746 ut
377 2679 513 2764 gentilia
537 2679 679 2764 legamus
701 2681 900 2766 gentilesque
926 2688 1036 2767 poetas
1052 2682 1252 2766 recipiamus,

87 2807 163 2850 cnm
188 2785 412 2868 antiquissima
433 2784 675 2868 disciplinarum
700 2785 744 2850 sit
766 2788 903 2870 poetica,
927 2809 998 2852 cum
1022 2788 1133 2870 magni
1156 2809 1194 2852 ex
1217 2808 1253 2851 ea

89 2895 123 2954 st
147 2889 320 2956 necessarii
341 2888 465 2955 fructus
502 2889 669 2970 resultent,
692 2912 763 2956 eum
786 2890 971 2976 philosophi
992 2892 1157 2978 sanctique
1179 2893 1252 2958 doc·

91 3001 182 3059 tores
204 2996 292 3078 pleni
324 2995 389 3059 sint
429 2994 677 3061 auctoritatibus
708 3002 884 3079 poetarum,
916 3019 988 3062 oum
1015 3018 1134 3062 cesares
1157 3003 1254 3084 atque

91 3123 188 3185 reges
225 3123 395 3186 omnesque
425 3100 555 3166 maximi
591 3100 653 3164 viri
692 3106 800 3185 poetas
831 3102 896 3166 suis
924 3103 1121 3187 temporibus
1153 3103 1252 3168 hono·

95 3207 186 3270 rifice
212 3207 418 3290 susceperint
466 3203 566 3289 Lege,
591 3225 698 3289 queso,
730 3209 845 3288 patrue
873 3205 1043 3286 carissime,
1076 3207 1256 3291 epistolam,

93 3332 193 3396 quam
216 3309 328 3375 beatem
350 3309 462 3376 scribit
485 3309 690 3374 Hieronimus
717 3311 756 3374 ad
786 3310 938 3394 Magnum
971 3317 1129 3379 oratorem
1155 3311 1255 3378 Rome

93 3437 221 3482 summa
243 3437 316 3480 oum
339 3413 496 3492 facundia,
520 3415 594 3480 dum
618 3415 742 3497 captive
772 3417 843 3480 duci
874 3416 907 3480 in
936 3418 1173 3482 matrimonium
1198 3440 1256 3503 per

94 3523 232 3586 hebreos
252 3521 474 3604 prohibentur,
504 3525 540 3585 ut
573 3521 604 3584 in
629 3520 870 3587 deuteronomio
893 3522 1027 3607 legitur,
1059 3523 1119 3588 nisi
1151 3525 1257 3608 capite

95 3648 170 3692 raso
195 3631 229 3690 et
250 3625 410 3710 unguibus
433 3627 626 3709 amputatis,
652 3628 735 3713 quod
759 3629 848 3692 etin
874 3629 1035 3693 veteribus
1057 3632 1256 3713 poematibus

96 3731 276 3796 iaciendum
300 3737 357 3808 est,
382 3736 418 3796 ut
440 3732 624 3817 amputatis,
649 3755 709 3816 que
725 3734 763 3798 de
787 3734 848 3818 dijs
864 3736 961 3800 verba
976 3736 1059 3800 fiunt
1082 3743 1114 3801 et
1136 3737 1257 3802 abrasis

98 3837 265 3902 amatoriis
290 3837 525 3916 blandimentis,
550 3839 604 3903 ubi
630 3841 802 3904 laudantur
818 3841 957 3906 virtutes
979 3841 1257 3926 fulminanturque

99 3941 193 4020 vicia,
217 3941 286 4006 sine
309 3944 457 4027 scrupulo
481 3943 677 4028 recipiantur
694 3943 713 4009 ¹.
761 3944 895 4011 Accedit
918 3952 950 4011 et
975 3947 1092 4010 iterum
1109 3945 1257 4024 Basilius,

98 4045 155 4129 qui
178 4067 316 4130 magnus
339 4048 380 4112 ob
403 4047 555 4114 virtutem
581 4052 748 4134 reputatus
765 4056 872 4115 est-
888 4057 978 4115 tanta
994 4051 1165 4115 severitate
1190 4051 1258 4116 vite

180 4246 269 4316 lh'p.
289 4248 322 4302 ⁷0
350 4246 393 4301 bei
419 4247 521 4318 lligne.
578 4186 755 4305 Gossenibrot
782 4251 860 4304 citirt
896 4267 945 4305 aus
981 4248 1142 4307 demselben
1170 4252 1259 4308 brieio

101 4335 163 4389 eine
183 4334 287 4388 andere
304 4333 402 4398 stelle,
430 4334 554 4390 ntmlich
581 4335 626 4390 die
645 4335 713 4390 uber
735 4335 789 4391 deu
818 4337 927 4406 apostol
946 4337 1049 4392 Paulus
1067 4337 1093 4410 [ἓ
1112 4342 1164 4396 426
1183 4356 1224 4394 nr.
1244 4339 1260 4391 2

103 4420 147 4476 bei
164 4418 280 4491 hlignel.
327 4422 365 4476 zu
392 4421 455 4477 dem
474 4423 535 4479 hier
554 4424 719 4493 gegebenen
743 4422 816 4479 citat
839 4424 926 4493 vergi.
946 4424 1022 4479 Enea
1041 4423 1129 4484 Siluio
1148 4445 1189 4497 ep.
1210 4429 1260 4486 104

103 4507 141 4562 bL
163 4509 198 4564 '12
215 4507 264 4564 der
285 4506 468 4582 Ntrnberger
486 4509 621 4581 ausgebe.
1012 4582 1052 4638 7*
