3002 5062
552 393 764 467 ummo
1168 397 1231 464 m

72 591 165 635 suam
191 571 328 636 fideliter
359 573 543 638 servandam
576 595 675 658 usque
707 573 739 637 in
774 573 968 638 crastinum:
1004 570 1113 637 ‘Tanti
1147 573 1232 639 euim

72 677 231 742 momenti
255 699 304 741 ree
326 682 384 757 est,
408 681 454 759 ut,
477 680 503 743 si
527 679 653 762 perdita
675 679 784 758 fuerit,
808 684 913 744 actum
938 681 1020 742 esset
1043 678 1080 741 de
1103 701 1153 744 me
1177 700 1228 744 co-

74 803 235 866 gererque
257 782 431 866 aufugere'
473 783 534 849 ‘Ne
556 785 598 848 sis
614 784 788 865 sollicitus,'
811 785 919 869 inquit
933 783 1071 866 hospita,
1096 783 1229 848 ‘etiamsi

72 887 118 950 sit
136 909 247 952 aurum
266 888 470 971 purissimum
481 890 497 955 l‘
528 890 605 956 Cum
623 891 685 956 iam
702 897 783 956 esset
798 890 940 956 cubitum
960 888 1229 966 Monoeerebrum,

73 992 201 1077 cogitat
223 993 308 1070 filia,
341 994 416 1077 quid
440 995 518 1060 illud
543 996 586 1060 sit
609 997 741 1078 pretiosi
774 997 806 1058 in
832 995 946 1074 bulga,
980 994 1063 1077 quod
1089 999 1154 1057 tam
1178 1014 1258 1058 aes

75 1103 190 1162 curate
212 1099 394 1164 committit.
442 1101 577 1184 Aperit,
606 1102 735 1186 inspicit
757 1107 790 1166 et
813 1099 933 1183 reperit
955 1097 1114 1182 argillam,
1138 1103 1231 1181 putat

74 1225 192 1268 aurum
217 1209 349 1286 putum,
379 1207 500 1272 aceedit
529 1205 763 1292 ma[l96]trem
793 1207 917 1272 dicens:
953 1203 1070 1268 ‘Habet
1099 1205 1149 1269 vir
1179 1205 1231 1270 bie

74 1330 192 1373 aurum
215 1313 329 1392 putum
354 1310 386 1376 in
421 1312 539 1396 bulga‘
585 1311 673 1378 Dicit
694 1317 810 1378 mater:
843 1310 946 1387 ‘Siste
970 1311 1128 1375 evacuabo
1150 1309 1230 1374 illud

74 1420 107 1476 et
132 1413 221 1477 illius
244 1413 314 1480 loeo
337 1415 501 1481 infundam
533 1417 626 1482 vilem
662 1421 839 1497 nronetam3
875 1437 938 1480 nou
971 1416 1055 1479 enim
1088 1415 1231 1480 animad-

74 1522 182 1582 vertet
205 1517 305 1582 illud'
350 1518 491 1584 Putabat
513 1522 605 1586 deum
629 1543 662 1586 se
684 1521 801 1598 baasae,
824 1521 878 1584 sed
894 1520 1025 1583 daemon
1050 1516 1229 1582 defoedavit
1247 1545 1270 1583 u

73 1645 156 1688 eam.
204 1622 298 1687 Mane
321 1629 414 1710 rogat
437 1627 524 1690 reddi
556 1627 616 1691 sibi
647 1626 777 1710 bulgum
802 1623 1071 1688 Monocerebrum.
1119 1621 1232 1686 Tradit

73 1751 145 1794 eam
171 1729 266 1794 vidua
287 1736 514 1796 commutatam
531 1753 602 1796 oum
626 1732 681 1796 vili
706 1735 841 1796 moneta.
888 1729 994 1794 Sensit
1018 1728 1143 1814 quidem
1168 1750 1231 1792 uon

74 1856 154 1913 esse,
170 1839 208 1897 ut
224 1839 303 1911 erat,
320 1835 421 1898 tacuit
437 1841 543 1902 taurea
562 1842 660 1922 atque
671 1837 740 1900 abit
757 1856 855 1920 agens
871 1834 992 1918 gratias
1007 1854 1067 1917 pro
1079 1832 1231 1917 hospitio.

165 1937 242 2003 Cum
267 1940 382 2004 exisset
405 1941 526 2021 urbem,
550 1943 654 2025 aperit
677 1963 814 2018 saccum,
838 1940 986 2023 inspicit,
1019 1938 1138 2020 reperit
1161 1937 1231 2021 ple·

75 2067 156 2109 num
179 2044 236 2108 vili
270 2050 407 2110 moneta.
454 2044 607 2112 Laetatur
639 2067 677 2110 ex
700 2045 825 2123 animo,
858 2044 942 2108 redit
973 2045 1099 2108 domum
1131 2048 1164 2106 et
1185 2044 1270 2110 aitis

75 2149 207 2214 rusticis
228 2151 313 2214 suis:
337 2151 450 2228 ‘Quam
474 2153 607 2235 probam
632 2150 711 2215 mihi
734 2150 855 2215 fecistis
878 2148 1025 2213 iniuriam
1050 2148 1232 2214 incutiendo

73 2255 207 2319 furnum
233 2258 352 2320 meum!
385 2254 433 2319 En
458 2255 586 2340 bulgum
621 2256 703 2320 hano
730 2255 834 2338 recepi
867 2253 995 2338 plenam
1024 2252 1080 2318 vili
1104 2258 1233 2318 moneta

75 2382 137 2447 pro
162 2359 276 2444 argilla
294 2361 443 2426 eiusdem.
487 2359 593 2425 Facile
609 2361 759 2428 damnum
777 2359 837 2424 boe
853 2360 1020 2424 resarciam
1038 2358 1232 2424 conficiendo

75 2465 195 2532 aliam!
240 2464 377 2530 Taeduit
399 2465 459 2530 hoc
482 2466 627 2546 rusticos,
650 2471 683 2531 et
704 2470 872 2551 quaeruut,
901 2464 956 2529 ubi
978 2465 1157 2529 vendiderit
1179 2488 1230 2529 ar-

76 2573 192 2658 gillam
224 2592 323 2636 enam.
370 2570 567 2655 ‘Augustae',
591 2571 717 2656 inquit,
747 2571 938 2635 ‘venduntur
971 2570 1073 2635 omnis
1105 2570 1231 2653 generis
1245 2601 1271 2636 eo

77 2676 217 2743 merces‘.
275 2675 441 2742 lucutiont
473 2676 583 2740 rustici
617 2697 725 2740 omnes
760 2697 867 2740 eorum
901 2676 1030 2754 furnos,
1063 2676 1231 2740 conferunt

76 2782 205 2866 maguis
228 2780 379 2864 planstris
408 2780 557 2864 argillam
588 2781 622 2845 in
653 2781 762 2844 urbem
795 2781 876 2858 rati,
911 2781 1047 2844 multum
1080 2781 1233 2864 pecuniae

77 2890 154 2954 inde
178 2909 211 2951 se
234 2891 463 2970 reportaturos,
488 2891 637 2970 prostant
659 2907 755 2969 super
781 2885 925 2951 Berlach.
973 2885 1091 2950 Nullus
1107 2887 1232 2965 licetur,

76 2993 311 3060 multominus
334 2991 421 3056 emit.
470 2989 664 3054 Prostabant
686 3012 786 3075 usque
809 2991 841 3054 in
866 2991 1053 3074 prandium,
1077 2991 1159 3055 nibil
1182 2997 1231 3055 ta·

78 3123 150 3165 men
175 3098 361 3163 vendebant.
407 3095 487 3160 lrati
520 3095 652 3160 redeunt
683 3096 812 3159 domum
843 3095 964 3159 enecati
998 3095 1081 3160 fame
1110 3117 1146 3160 ac
1175 3097 1228 3160 siti
1245 3126 1270 3164 aa

76 3210 217 3288 suntque
240 3209 333 3268 tanto
357 3201 538 3266 infestiores
561 3199 788 3266 Monooerebro
822 3200 964 3264 volentes
995 3201 1137 3265 occidere
1161 3224 1231 3266 eum

77 3333 113 3376 ac
137 3311 264 3376 dieunt:
300 3308 466 3392 ‘Imposuit
489 3306 580 3372 uobis
604 3306 721 3370 nebulo
751 3306 815 3370 ille.
864 3305 1028 3383 Quomodo
1057 3306 1233 3390 poterimus

78 3417 108 3482 ei
133 3415 262 3480 reddere
285 3413 376 3498 pare’
422 3412 612 3479 Consultant
634 3433 729 3496 super
752 3434 797 3477 eo.

167 3519 233 3585 lam
266 3520 380 3585 habuit
403 3519 664 3584 Mouooerebrum
701 3539 846 3595 vaccam,
880 3539 974 3601 quam
1008 3517 1123 3602 agebat
1145 3539 1231 3582 com-

77 3627 184 3692 munis
209 3625 372 3690 bubulcus.
420 3624 497 3688 Eam
520 3623 714 3688 oeciderunt.
759 3622 935 3706 Reperiens
965 3645 1031 3687 earu
1058 3622 1231 3687 excoriavit
1245 3650 1270 3686 se

77 3755 135 3798 neo
161 3727 255 3818 [197]
279 3730 511 3809 exsecrabatur,
535 3733 572 3793 ut
587 3728 718 3811 plurimi
735 3727 895 3806 fecissent,
920 3729 972 3791 sed
989 3727 1076 3810 capit
1099 3728 1230 3802 corium,

77 3838 203 3903 confert
226 3858 259 3899 se
279 3839 466 3918 Augustam,
490 3833 544 3898 ubi
563 3835 677 3898 iterum
695 3835 721 3898 ei
739 3833 859 3919 obtigit
874 3855 964 3897 casus
980 3838 1119 3915 optatus.
1152 3831 1231 3896 Cum

78 3943 164 4008 enim
189 3945 350 4026 prestaret
383 3941 414 4004 in
442 3939 576 4004 Berlach
606 3961 661 4003 eeu
694 3938 764 4003 foro
796 3961 866 4004 cum
898 3960 954 4002 suo
977 3938 1081 4014 corio,
1113 3937 1234 4002 aceedit

76 4069 151 4114 cum
175 4063 270 4112 senex
294 4046 445 4110 coriarius
474 4066 628 4128 quaerens
662 4043 799 4126 pretium
830 4043 918 4108 corii.
971 4041 1172 4106 Conveniunt
1194 4042 1232 4105 de

75 4153 193 4239 pretio,
216 4157 252 4215 ut
275 4152 365 4216 daret
389 4152 417 4214 ei
442 4151 557 4233 viginti
583 4151 724 4235 quinque
740 4149 934 4214 victoriatos.
978 4148 1101 4213 Habuit
1124 4151 1229 4212 autem
1246 4176 1271 4212 aa

76 4257 246 4342 negotium
271 4255 500 4321 conficiendum
525 4255 697 4333 coriarius,
728 4276 826 4339 quare
849 4275 911 4318 non
938 4254 1044 4337 potuit
1067 4254 1136 4336 ipso
1159 4259 1233 4316 actu

147 4485 181 4540 34
201 4498 272 4537 eam.
