3002 5062
510 413 546 466 xl
564 415 609 482 (nu
629 433 669 470 nr.
690 417 732 483 tt)

200 587 316 644 Erubuit
334 590 427 645 meter
446 588 604 661 nimiaeque
622 590 750 646 libidinis
768 591 868 664 ingens

198 673 337 730 Indioium
355 679 420 733 rste
440 681 484 736 tot
502 681 591 742 ustos.
611 679 779 736 abscondere
797 681 933 751 quosdenr

200 761 354 830 Aeeeleret
373 765 438 823 feno
456 767 557 837 sepelit
575 766 719 838 paleisque
737 767 871 824 recondit.

204 850 319 921 lemque
337 851 411 908 lones
430 851 503 910 Deus
520 855 662 925 ingressus
681 855 791 911 solvere
809 859 925 927 penetes

201 937 282 992 lussit
299 941 345 994 et:
364 939 449 1006 ‘lluo’¹
468 941 549 1008 dixit,
568 942 687 1008 ‘mulien
705 945 757 998 tus
775 943 895 1014 pignore
912 944 1034 1016 prolerl'

199 1023 316 1081 Femine
334 1027 453 1084 meioree
471 1032 542 1085 usto
559 1030 709 1100 prooedere
728 1031 856 1086 mundet.

199 1112 249 1169 llis
266 1114 334 1170 deuo
353 1116 457 1182 emisit,
478 1117 559 1174 velut
577 1118 702 1174 arridere
720 1119 840 1176 solemus

199 1199 315 1268 Exignis
334 1201 429 1258 evium
449 1205 535 1276 pullis
553 1206 685 1279 pensiore
702 1206 821 1272 catellis,

197 1287 233 1343 et
250 1288 341 1360 primo
361 1291 486 1349 laetetur
504 1293 561 1350 sit:
585 1293 669 1364 ‘Oepe
687 1294 767 1364 regie
784 1297 903 1364 seeptro,

199 1375 259 1432 Rex
276 1377 355 1432 erisl'
383 1381 422 1435 At
440 1379 547 1437 ferrum
565 1385 594 1438 et
611 1382 681 1438 belli
699 1381 778 1438 dedit
797 1398 877 1438 armo
894 1382 1014 1439 seeundo

198 1463 248 1519 Et:
267 1463 358 1531 ‘an,¹
375 1465 477 1539 inquit,
496 1471 577 1525 orie.
616 1469 713 1526 Fesoes
730 1469 883 1542 populique
901 1485 1009 1526 seoures

195 1550 319 1608 Protulit
336 1555 366 1609 et
385 1555 456 1612 vites
477 1557 507 1612 et
524 1556 584 1627 pile
602 1557 726 1629 insignis
745 1559 858 1614 Romae.

192 1637 309 1710 lemque
327 1640 512 1712 megistrstus
530 1645 652 1702 celebres
669 1645 794 1716 pertitus
812 1645 842 1701 in
861 1663 971 1702 omnem

193 1724 359 1797 Progeniem
379 1730 517 1788 humanos
536 1733 639 1788 teritus
658 1732 790 1790 volvebat
809 1733 934 1790 honores.

194 1813 307 1871 Interes
327 1819 418 1872 meter
436 1817 519 1874 rebus
537 1819 637 1889 gevise
655 1819 782 1876 secundis

197 1903 300 1960 Euolet
317 1903 354 1961 ud
373 1906 469 1962 esulae
487 1910 523 1971 et,
542 1925 610 1978 quos
629 1906 825 1972 ebsoonderet,
847 1909 922 1966 ultro

195 1989 328 2060 Protulit,
337 1991 438 2058 'lleeo'
452 1993 554 2061 dieens,
567 1994 667 2052 ‘nostri
674 2011 784 2066 quoque
792 1995 913 2067 pignore
923 2001 1036 2056 ventrio.

199 2079 256 2136 llos
274 2079 377 2151 ulique,
395 2085 478 2154 peter
496 2083 681 2154 omnipotens,
701 2083 856 2153 dignabere
872 2085 963 2143 dono'

195 2167 321 2224 Setosum
339 2168 456 2224 slbebst
474 2169 563 2240 peleie
581 2171 674 2240 eaput.
692 2169 823 2226 haereret
841 2171 927 2227 mmie

195 2254 325 2312 dtrsmen
343 2259 372 2312 et
389 2256 515 2328 antiquis
533 2275 606 2328 quse
623 2257 728 2330 pendet
746 2274 852 2315 ersneo
870 2256 960 2316 teotis

192 2341 257 2399 Non
274 2341 370 2398 errisit
387 2343 435 2410 eis,
453 2344 500 2401 sed
520 2345 596 2401 tristi
614 2344 745 2401 turbidus
763 2363 825 2403 ore:

192 2431 257 2488 ‘Vos
269 2432 374 2499 fenum,
393 2437 499 2490 terrem
514 2435 544 2490 et
556 2431 694 2507 stipuler:
713 2433 786 2490 Deus
804 2432 906 2505 inquit.
925 2434 1029 2504 ‘oletis;

192 2517 291 2575 Vester
309 2519 364 2576 erit
382 2539 486 2588 somer.
503 2521 573 2593 iuge
591 2524 696 2587 vestro,
721 2522 848 2593 egrestis
865 2523 959 2580 vestre

195 2605 305 2672 Omnis,
323 2611 451 2666 oratores
468 2608 548 2666 eritis
565 2625 752 2682 peeorumque
770 2609 910 2682 magistri,

193 2693 349 2758 l'enisecse,
368 2695 546 2762 solilossores,
566 2699 672 2753 nentes
689 2699 776 2768 utque
793 2696 922 2764 bubulei;

193 2780 247 2838 ded
266 2786 364 2840 temen
381 2801 415 2842 ex
434 2785 512 2842 vobis
529 2785 667 2857 quosdam
685 2785 852 2843 donsbimns
870 2786 947 2852 urbs,

193 2869 246 2936 Qui
264 2871 321 2927 sint
338 2872 468 2940 fertones,
485 2874 565 2940 lonii,
585 2873 658 2930 lixee
676 2873 856 2945 srtooopique

195 2957 230 3012 Et
249 2975 337 3029 genus
355 2959 407 3017 hoe
424 2959 476 3016 elii
494 2961 573 3018 soliti
590 2961 745 3019 sordeseere
763 2978 879 3033 semper,

191 3044 298 3102 Sudore
315 3050 345 3102 st
362 3049 424 3104 toto
442 3049 546 3106 servire
563 3048 703 3120 prioribus
721 3053 809 3106 eevo'

190 3132 297 3190 Taliter
315 3133 492 3205 omnipotens
510 3135 586 3191 letus
605 3135 739 3208 repetivit
756 3135 918 3208 Olympum.

193 3219 238 3276 Sio
255 3220 363 3276 {sotum
382 3222 484 3279 servile
503 3241 598 3294 genus,
617 3223 657 3280 sio
674 3224 746 3280 ruris
764 3227 794 3281 et
811 3225 888 3282 urbis

192 3306 339 3365 lnduotunr
358 3308 506 3367 diserimen
526 3309 569 3367 eit
587 3311 717 3370 Mentem
736 3313 884 3383 Amyntor.

36 3599 100 3666 (lus
119 3597 182 3656 dem
207 3599 402 3657 kommenture
429 3599 476 3656 des
504 3601 622 3743 Jodoorls
643 3601 790 3658 Badius
817 3599 963 3658 Aseensius
986 3600 1068 3658 dsxu.
1106 3599 1181 3656 Peri·

530 3687 579 3744 siis
614 3688 684 3756 502.)

121 3841 205 3912 Hoe
221 3841 360 3927 igitur
376 3840 449 3930 ete]
473 3841 621 3926 Apologo
632 3842 793 3908 rusticano
805 3842 975 3910 discrimen
987 3841 1183 3908 urbanorum
1197 3869 1223 3907 ss

35 3952 64 4011 el
83 3947 274 4016 ruetieornm
287 3952 512 4014 commemoret
523 3946 619 4014 uDeo
631 3947 762 4026 laetum,
773 3947 856 4014 siout
868 3953 901 4013 et
913 3947 1091 4012 mercedum
1104 3968 1184 4011 non-

38 4050 114 4118 nulli
131 4053 313 4120 institutum
326 4052 549 4119 differentium.
575 4051 659 4118 Num
676 4074 747 4118 oum
763 4052 938 4120 meohuniei
953 4075 973 4118 e
989 4050 1065 4132 Deo,
1082 4073 1183 4138 qnon-

35 4161 99 4224 tnm
123 4158 276 4226 mercedis
299 4159 479 4244 exigerent,
511 4158 724 4244 exquisissent
746 4159 1034 4246 msignsvissetque
1065 4156 1183 4221 sutori·

38 4261 91 4328 bus
107 4263 294 4350 orepideriis
308 4267 341 4329 et
359 4263 506 4348 pluribus
527 4263 600 4331 eliis
615 4263 790 4330 cottidiano
806 4263 948 4330 meroede
971 4262 1181 4329 eonduoendis

99 4488 134 4544 38
152 4486 366 4560 essignstisque.
