3062 5068
803 387 869 454 210

256 568 366 632 mirari
390 589 451 632 non
484 566 627 646 sufficio,
660 566 744 650 quod
771 587 829 630 neo
852 564 985 629 minimo
1006 563 1104 629 verbo
1127 585 1177 628 me
1200 584 1353 647 umquam
1374 562 1410 627 de

255 675 400 759 ingressu
431 671 516 737 felici
548 671 713 755 religionis
742 675 799 736 aut
843 670 882 735 de
904 691 1027 735 recessu
1054 669 1096 734 ab
1120 667 1273 734 hocloco
1295 667 1414 734 valedi-

255 780 353 844 cendo
385 778 574 844 exhibuistis
596 785 638 856 et,
663 777 746 862 quod
762 775 834 859 plus
857 797 963 841 meum
979 774 1071 859 angit
1092 775 1245 853 animum,
1268 774 1303 838 in
1328 773 1415 838 nullo

256 887 292 948 ut
315 885 413 950 vestri
443 903 626 961 memorem,
650 883 683 946 in
700 881 808 966 aliquo
831 881 1019 966 quandoque
1035 901 1093 946 neo
1107 880 1189 945 dono
1204 885 1263 944 aut
1283 901 1414 946 munere

255 990 399 1056 donastis
415 1035 704 1054 ............

353 1095 427 1161 Non
451 1096 532 1161 latet
554 1116 609 1160 vos
632 1095 778 1180 denique,
801 1115 865 1159 non
880 1116 995 1179 parum
1008 1116 1059 1160 me
1074 1093 1166 1159 libris
1188 1091 1358 1172 oblectari,
1382 1093 1413 1156 in

258 1203 375 1287 quibus
390 1223 483 1267 omne
498 1204 635 1285 tempus,
658 1200 773 1267 indies
795 1202 829 1265 in
844 1201 924 1284 ipsis
940 1200 1084 1287 legendo,
1108 1206 1187 1280 tero,
1210 1201 1288 1266 dum
1310 1199 1413 1264 ocium

256 1311 287 1374 id
311 1309 442 1375 dederit.
493 1306 584 1392 Rogo
616 1305 771 1372 obnoxius
793 1308 879 1371 omni
914 1328 985 1373 cum
1009 1305 1214 1386 humilitate,
1248 1310 1286 1370 ut
1310 1311 1345 1370 ot
1367 1327 1416 1369 me.

256 1414 447 1498 participem
471 1412 606 1478 alicuius
627 1412 704 1476 libri
728 1413 826 1478 vestri
850 1412 951 1479 facere
973 1413 1092 1480 velitis.
1139 1411 1239 1478 (larso
1262 1410 1414 1495 probleu·

256 1524 377 1585 matum
405 1515 587 1582 Aristotelis
604 1518 633 1599 ¹,
665 1539 760 1602 super
793 1519 909 1604 quibus
938 1520 1052 1585 Petrus
1085 1520 1124 1585 de
1147 1520 1261 1584 Abauo
1284 1518 1416 1604 elegan-

256 1623 377 1689 tissime
400 1623 539 1706 scripsit,
562 1644 656 1708 quem
679 1622 796 1689 librum
822 1647 919 1707 penes
938 1647 995 1690 vos
1021 1627 1158 1690 residere
1181 1625 1246 1690 scio
1270 1645 1331 1690 nec
1353 1645 1415 1688 non

257 1736 288 1795 et
312 1730 480 1796 Albsrtnm
513 1729 551 1792 de
574 1729 786 1809 animalibus,
819 1731 851 1794 in
876 1732 992 1816 quibus
1014 1730 1157 1815 legendis
1180 1729 1320 1794 utilitati
1344 1728 1416 1812 plo·

258 1837 373 1901 rimum
397 1834 478 1898 mihi
502 1833 596 1912 foret,
620 1835 789 1918 presertim
814 1836 845 1898 in
873 1835 1146 1920 probleumatibus
1168 1840 1251 1914 etc,
1276 1855 1341 1920 quo
1366 1834 1414 1897 bi·

259 1941 417 2008 bliotheca
439 1941 554 2023 mea(l)
579 1940 605 2004 is
627 1940 710 2005 liber
734 1939 873 2005 multum
901 1941 1021 2008 decoris
1044 1942 1184 2007 afferret.

731 2153 939 2168 —W—

790 2266 875 2342 los.

393 2415 587 2490 Hermann
631 2415 786 2493 Schedel
825 2443 874 2493 an
903 2419 1011 2495 einen
1037 2417 1271 2515 geistlichen.

624 2575 688 2629 clm.
710 2575 761 2629 224
781 2575 800 2630 l.
820 2575 881 2631 255.
917 2574 1048 2644 conoept

260 2693 559 2763 Naohrichten
583 2698 678 2764 tiber
701 2699 1091 2784 dievermittolung
1113 2699 1223 2763 eines
1246 2697 1418 2763 bileber-

736 2807 928 2872 aukaufs

347 2944 386 3010 Se
402 2945 507 3030 ipsum
524 2951 583 3011 eto.
630 2945 727 3011 Binas
743 2950 864 3012 vestras
879 2947 984 3031 accepi
1002 2946 1122 3025 literas,
1145 2945 1259 3010 doctor
1275 2943 1418 3029 egregie,

261 3051 361 3115 maior
384 3055 416 3114 et
439 3055 607 3136 preceptor
629 3052 857 3120 colendissimo.
915 3051 952 3116 In
976 3051 1089 3136 primis
1113 3049 1278 3129 intellexi,
1314 3049 1417 3115 domi·

261 3179 337 3223 num
361 3179 466 3222 meum
481 3178 670 3242 generosum
684 3158 789 3222 minus
812 3162 940 3244 gratnm
964 3157 1078 3237 fuisse,
1102 3157 1177 3223 dum
1205 3152 1419 3222 Michaelem²

262 3263 324 3346 ipsi
341 3267 445 3328 otnon
460 3285 524 3328 una
536 3261 750 3328 Leonardum⁸
763 3265 862 3329 eciam
879 3263 1140 3343 transmitterem,
1163 3263 1327 3327 arbitrans
1343 3262 1419 3326 dum

264 3367 446 3433 Plutarcum
471 3391 529 3454 pro
552 3369 746 3453 paternitate
769 3391 826 3435 sua
849 3391 1085 3455 compararem,
1120 3388 1180 3453 pro
1202 3390 1253 3433 ma
1276 3365 1419 3434 Leonat-

262 3473 336 3537 dum
360 3495 560 3559 comparasse
584 3475 684 3540 etita
706 3475 785 3540 mihi
811 3496 985 3540 asservasse
1009 3481 1041 3540 et
1071 3480 1150 3559 aput
1172 3495 1224 3540 ms
1248 3474 1420 3539 retinuisse

263 3627 371 3645 .....
393 3577 503 3644 Paucis
526 3579 671 3663 accipite,
697 3577 772 3668 [me]
796 3586 871 3646 ante
894 3602 1010 3646 annum
1035 3586 1091 3646 aut
1114 3581 1197 3646 citra
1214 3578 1417 3646 Leonardum

263 3683 391 3762 emisse,
424 3692 596 3769 antequam
620 3684 827 3751 Vincenoium
852 3687 884 3750 in
910 3687 1044 3752 historia
1067 3685 1207 3751 naturali
1231 3688 1264 3750 et
1287 3683 1417 3751 Plutar-

263 3809 332 3853 ourn
356 3811 415 3873 pro
438 3790 633 3874 paternitate
656 3811 713 3854 sua
736 3812 983 3875 comparassem,
1007 3813 1065 3856 nec
1087 3811 1239 3876 umquam
1266 3813 1318 3856 me
1340 3796 1419 3875 aput

261 3916 293 3979 p.
310 3916 334 3960 s.
355 3895 483 3960 silentio
499 3896 677 3978 preterisse,
702 3896 780 3982 quin
803 3918 886 3981 sepe,
909 3896 982 3961 dum
1000 3919 1104 3962 coram
1121 3896 1347 3976 constitueret,
1368 3917 1418 3960 me

264 3998 460 4066 Leonardum
477 4001 588 4066 emisse
613 3997 717 4088 [dixit
741 4008 921 4086 expectans,
944 4003 971 4066 si
994 4025 1144 4088 umquam
1169 4001 1290 4067 venalis
1315 4001 1420 4067 denno

261 4108 405 4187 veniret,
440 4129 498 4193 pro
521 4107 589 4191 ipro
613 4106 694 4170 velle
721 4128 921 4190 comparare,
952 4109 1048 4173 sicuti
1065 4113 1110 4172 et
1134 4110 1167 4172 in
1191 4108 1265 4172 aliis
1287 4130 1419 4195 compa·

829 4211 846 4248 55

335 4299 346 4350 l
369 4295 511 4353 Gedruclst
530 4295 666 4351 Patavise
688 4296 755 4350 1482
775 4297 831 4350 und
858 4296 939 4361 diter,
958 4296 1015 4365 agl.
1030 4297 1283 4355 Fabricius-blansi
1303 4301 1337 4366 V,
1357 4299 1418 4357 229.

263 4385 280 4438 2
294 4383 439 4440 Michaelis
447 4383 482 4440 de
491 4382 636 4439 Ceretano
646 4381 854 4439 Sermonarium
865 4381 1015 4455 [gedruokt
1025 4384 1153 4456 Venedig
1165 4387 1267 4458 lsraJ?
1305 4391 1322 4443 3
1334 4389 1419 4446 Wohl
1514 4441 1515 4444 ,

264 4469 424 4527 leonardus
444 4469 582 4534 dsUtino,
602 4469 747 4526 Sermones
766 4471 1026 4541 quadragesimales
1045 4457 1328 4546 gedrlcfft'te'lecig
1342 4477 1417 4534 1473.
