3062 5068
792 389 856 456 2⁰4

252 563 389 628 11111919ι
406 563 542 630 fratrum
557 565 794 631 Heremitsrum
818 566 920 629 sancti
943 563 1117 651 Augustini
1133 567 1296 632 confrater
1316 565 1421 631 ‹levo-

252 669 402 747 tiseimus,
424 692 494 736 cum
517 671 620 738 adhuc
646 671 845 737 inhumanis
867 671 1007 756 degeret,
1034 672 1085 735 sir
1108 671 1247 738 illustris
1270 677 1304 735 et
1319 675 1421 754 peter

251 776 295 840 mi
318 775 533 855 celebrandus,
565 778 717 862 magister
747 775 887 841 ‚loannes
910 775 1052 842 Heberer
1084 775 1188 842 felicis
1212 777 1421 843 recordacio-

252 882 311 961 nis,
338 887 442 948 teenm
467 883 499 946 in
522 883 614 947 domo
638 883 721 947 forte
736 883 872 946 eiusdem
896 882 957 946 viri
980 881 1117 946 feliciter
1142 881 1285 947 defuncti
1308 881 1422 946 aliove

252 986 284 1050 in
308 985 379 1052 loco
411 989 605 1052 constitutus
627 987 745 1066 fuerit,
776 989 939 1052 tractastis
965 987 1185 1052 architectoris
1209 988 1313 1054 nostri
1341 987 1422 1051 bes·

252 1091 366 1155 tissimi
392 1091 570 1157 Hieronimi
602 1098 744 1158 sanctam
779 1098 812 1159 et
848 1095 1122 1160 conversacionem
1153 1098 1187 1159 et
1213 1095 1311 1158 vitam
1341 1115 1421 1177 pre-

252 1195 459 1261 clarissimam
494 1197 526 1261 in
560 1202 687 1263 terreno
720 1199 906 1282 corpusculo
938 1204 1109 1282 peractam.
1161 1197 1300 1263 Etcum
1325 1197 1421 1263 dictu

253 1321 289 1365 eo
319 1307 448 1366 ventum
478 1309 579 1382 esset,
615 1307 707 1368 utet
739 1303 939 1369 beatissimus
960 1307 1070 1369 noster
1094 1303 1310 1388 Hieronymus
1340 1325 1418 1388 pre·

252 1411 301 1471 ter
336 1411 455 1472 ceteros
494 1410 630 1474 virtutes
671 1415 704 1475 et
743 1430 870 1473 carnem
906 1431 995 1475 suam
1032 1408 1206 1494 virgineum
1246 1429 1418 1492 nunquam

252 1533 322 1577 cum
345 1513 540 1580 mulierculis
574 1514 742 1580 libidinoso
772 1515 858 1580 coitu
890 1517 1172 1593 commaculasset,
1203 1513 1323 1578 affectu
1362 1535 1416 1578 ar-

252 1616 456 1696 dentissimo,
484 1641 502 1683 o
533 1624 658 1685 amator
693 1619 888 1699 Hieronimi,
922 1619 971 1684 vir
1004 1621 1141 1698 eximie,
1171 1619 1311 1704 rogasti,
1349 1616 1415 1702 (ut)

252 1723 279 1786 si
303 1723 516 1789 huiuscemodi
540 1725 684 1791 veritatis
706 1726 815 1812 aliqua
838 1727 1026 1792 documenta
1050 1725 1158 1791 haberi
1184 1729 1327 1809 possent,
1352 1723 1415 1787 tibi

253 1827 360 1892 eadem
388 1828 489 1894 literis
519 1832 642 1896 exarsri
675 1837 706 1896 et
735 1832 831 1896 mitti.
880 1830 968 1908 Quod
1002 1831 1061 1896 stsi
1084 1831 1112 1894 is
1144 1830 1255 1895 doctor
1287 1833 1322 1892 ct
1345 1827 1414 1891 fre-

253 1940 303 1998 ter
336 1933 395 1998 tibi
431 1937 463 1997 et
492 1934 524 1998 in
554 1936 681 2002 Christo
710 1960 793 2002 nuuc
823 1938 997 2022 quiescenti
1029 1935 1146 2001 Joanni
1177 1933 1323 2000 Heberer
1356 1955 1414 2018 pa·

256 2039 334 2103 riter
350 2038 531 2108 huiusmodi
547 2041 736 2107 documenta
751 2043 879 2107 mittere
900 2041 1118 2127 spoponderit,
1141 2039 1413 2125 sponsionumque

254 2166 343 2208 susm
370 2143 497 2210 effectui
522 2147 708 2232 iampridem
733 2149 979 2230 demandaverit,
1007 2147 1135 2212 sublato
1158 2151 1263 2210 tamen
1288 2143 1414 2209 dehoc

255 2250 359 2314 medio
382 2251 525 2334 predicto
557 2253 589 2316 iu
616 2251 744 2318 Christo
767 2257 864 2319 vitam
889 2253 1000 2320 functo
1022 2255 1168 2330 doctore,
1199 2251 1331 2316 remissa
1353 2271 1412 2334 per

254 2357 511 2421 testamentarios
535 2358 674 2424 ciusdem
696 2358 838 2425 defuncti
861 2364 937 2423 suut
958 2358 1181 2442 prenominata
1207 2355 1303 2421 huius
1325 2356 1411 2420 veri-

255 2461 332 2524 tatis
354 2461 543 2527 documenta
578 2463 720 2549 mihique
747 2465 867 2530 tradita
900 2486 958 2549 per
989 2485 1174 2549 sponsorem
1206 2465 1351 2526 vestrum
1372 2482 1411 2526 eo

254 2570 361 2630 tamen
384 2571 496 2650 pecto,
521 2569 671 2652 quatinus
692 2569 764 2648 tibi,
790 2571 856 2634 viro
880 2569 1107 2634 humanissimo
1133 2575 1165 2632 et
1188 2565 1316 2632 domino
1340 2586 1410 2631 meo

254 2676 450 2754 transgressa
465 2674 633 2740 verborum
648 2673 848 2759 longitudine
863 2675 960 2758 primi
976 2673 1089 2757 scripti
1113 2672 1302 2738 documenta
1316 2670 1408 2735 dunr-

254 2782 344 2842 taxut
374 2779 571 2864 virginitatis
601 2781 774 2845 doctissimi
799 2780 977 2846 Hierouimi
1012 2779 1260 2862 compingerem.
1317 2773 1407 2853 Quod

254 2884 313 2950 etsi
337 2884 407 2948 uiro
437 2883 486 2948 illi
517 2885 548 2949 iu
583 2886 755 2950 maioribus
785 2887 883 2951 eciam
911 2885 969 2951 illo
1002 2905 1120 2969 negare
1146 2883 1322 2969 quidquam
1344 2901 1406 2946 non

255 2990 390 3074 possim,
425 2994 516 3055 tanto
548 2994 654 3056 tamen
686 2992 854 3070 libencius,
884 2997 977 3057 tento
1008 2990 1134 3057 facilius
1164 2989 1241 3068 feci,
1269 2989 1352 3073 quod
1374 2995 1407 3052 tc

253 3097 358 3161 virum
380 3095 459 3160 mihi
481 3096 744 3161 humanissimum
761 3098 794 3162 in
819 3098 912 3163 fectis
936 3097 1033 3163 eciem
1060 3097 1137 3160 meis
1152 3100 1247 3159 untes
1262 3093 1403 3177 probari.

257 3201 305 3266 Ne
328 3223 404 3286 ergo
428 3201 555 3285 longius
585 3203 752 3267 verborum
784 3203 917 3287 inepcijs
951 3223 1110 3287 pererrem
1140 3207 1172 3265 et
1195 3199 1319 3264 inculto
1340 3220 1403 3263 ser-

255 3330 346 3372 mone
368 3306 601 3390 benignitetem
628 3312 714 3372 tuam
738 3327 930 3392 exasperem,
952 3307 1069 3391 accipe,
1093 3305 1175 3391 qnod
1199 3326 1296 3370 amas.

348 3410 403 3500 [Es
426 3413 502 3477 wird
531 3435 597 3477 nun
620 3413 670 3476 die
689 3412 979 3498 jungfrituliehkeit
1002 3413 1055 3476 des
1072 3410 1285 3495 Hieronymus
1309 3409 1402 3474 durch

255 3519 417 3604 zeugnisse
448 3520 502 3582 der
526 3517 764 3596 kirchenviiter,
801 3518 886 3643 sqine
910 3519 1020 3603 eigeue
1052 3537 1201 3600 cussage,
1236 3514 1401 3580 vernunit·

330 3692 343 3744 l
362 3689 473 3745 lohcnn
486 3708 512 3747 v.
528 3690 646 3748 Dorsten
665 3693 707 3747 als
727 3693 811 3762 lange
829 3691 884 3748 seit
896 3691 1113 3760 augesehcnstcr
1132 3688 1402 3745 universitttslehrer

255 3779 312 3834 und
337 3778 435 3834 cifercr
460 3795 549 3848 gagen
579 3778 629 3834 das
652 3781 830 3835 wundcrblut
854 3797 887 3834 au
919 3779 1064 3834 Wilsnuclr
1088 3780 1216 3846 genennt
1242 3776 1287 3832 bei
1306 3777 1401 3849 Ksmp

254 3868 375 3932 schulte,
404 3865 578 3922 Universittt
603 3868 697 3922 llrfurt
720 3869 740 3933 l,
762 3871 801 3924 17.
848 3869 911 3939 Vgl.
933 3867 1034 3922 Breest
1058 3866 1076 3920 i.
1095 3865 1121 3920 d.
1150 3863 1401 3922 111111991οηῖ91-

254 3959 396 4028 schungeu
415 3955 488 4025 11111,
507 3957 565 4013 252.
605 3945 678 4014 llber
695 3957 771 4012 seins
790 3955 983 4026 uugedruclrtc
1002 3954 1138 4011 Chronica
1164 3953 1364 4023 imperatorum
1380 3972 1399 4007 r.

255 4047 366 4110 Lorcuz,
387 4045 590 4100 Deutschlands
602 4045 875 4115 Gcschiohtsquellsn
888 4045 935 4110 111,
953 4046 1011 4100 110.
1050 4043 1105 4097 Dus
1119 4041 1213 4096 bisher
1226 4042 1399 4098 unbeksuute

255 4133 397 4204 todesjahr
413 4134 543 4188 lJorstens
556 4131 666 4202 crgiebt
685 4133 743 4188 sich
762 4150 812 4186 cus
832 4131 942 4202 obigem
957 4131 1045 4186 brieio
1066 4131 1119 4184 mit
1137 4129 1295 4193 sicherheit,
1313 4129 1399 4186 dedic

255 4223 370 4279 chronik
389 4223 432 4276 bis
452 4222 520 4277 1477
539 4223 636 4276 reicht.
677 4223 790 4277 Denuch
809 4221 846 4276 ist
865 4223 935 4276 euch
954 4221 1000 4274 die
1019 4219 1129 4287 augebo
1157 4217 1201 4272 bei
1220 4215 1332 4272 Wetser
1349 4217 1397 4272 und

255 4309 356 4375 Welte,
376 4309 608 4367 Kirehenlexilrou
626 4310 674 4375 111,
695 4311 761 4365 1996
781 4327 814 4364 au
839 4307 1020 4378 berichtigen.
1058 4293 1133 4361 Uber
1153 4305 1265 4361 Johann
1284 4303 1397 4361 chersr

254 4417 275 4452 s.
293 4398 364 4455 oben
384 4415 425 4452 nr.
444 4399 487 4454 85.
532 4399 610 4454 Auch
631 4400 780 4468 Elwanger
806 4398 945 4453 erscheint
972 4415 1004 4451 zu
1025 4396 1093 4452 1418
1111 4393 1150 4448 im
1170 4391 1336 4462 gabenbuch
1352 4391 1393 4447 der

256 4484 435 4556 Nilrnberger
454 4485 619 4541 Kurtlrsuse.
