3002 5070
645 451 665 517 5

100 627 227 714 gnudeu
263 627 338 693 oder
372 625 469 693 herro
493 625 631 694 Micbeel
658 633 696 692 nd
730 625 960 695 versohreiben.
1016 627 1174 717 [Dieweil]
1205 628 1260 693 der

101 733 200 812 dinei,
223 733 280 798 der
303 732 337 798 in
360 732 412 799 ich
434 733 555 819 ycuund
579 733 647 817 pin,
670 733 721 798 nii
742 731 790 798 als
822 732 921 798 leioht
943 733 1163 819 vberzugeben
1186 737 1260 812 obeb,

97 837 149 903 iob
174 843 253 904 wesi
284 839 378 917 deun,
402 838 462 904 wie
492 839 554 904 rud
578 835 737 926 wsr[auf].
785 837 914 904 Geiruw
936 839 988 904 ich
1012 838 1089 916 wel,
1129 839 1158 903 ir
1180 837 1260 904 hebi

99 943 162 1008 mir
185 943 243 1008 dez
265 944 317 1008 nii
339 943 393 1010 fflr
415 943 498 1024 vbel,
521 945 577 1009 doc
600 943 651 1008 ich
675 943 754 1009 euch
771 944 822 1009 ein
838 944 961 1010 solches
977 945 1102 1011 schreib
1118 946 1179 1010 rud
1195 966 1257 1010 von

101 1048 180 1113 euch
197 1048 314 1132 begere
328 1056 367 1114 zu
381 1048 532 1128 verstien,
556 1069 619 1114 was
641 1048 742 1114 meins
766 1047 892 1135 [herm]
917 1050 1069 1136 meinung
1094 1047 1258 1135 gencziich

98 1152 191 1217 derin
215 1154 267 1232 isi,
293 1175 384 1219 wenn
407 1154 471 1219 soli
499 1153 550 1219 ich
574 1153 675 1219 meins
698 1153 797 1218 berrn
820 1156 963 1238 geneden
986 1155 1108 1240 ἀμαυ,
1141 1153 1205 1220 soli
1227 1153 1259 1220 ir

99 1259 282 1325 anozweifel
306 1259 398 1345 se[in‚
422 1261 478 1325 dez
502 1259 553 1324 ich
576 1259 631 1324 des
654 1258 730 1346 mii]
755 1281 904 1345 generem
920 1261 996 1326 fleis
1017 1261 1082 1326 und
1105 1259 1257 1326 eufsebeu

101 1363 184 1429 chun
202 1363 279 1430 woli
294 1363 378 1430 nacb
398 1364 461 1430 elle
476 1364 613 1430 meinem
629 1363 835 1453 verm[iigeu]
847 1414 854 1430 .
868 1415 897 1431 ..
923 1367 992 1450 (der
1019 1369 1085 1432 resi
1098 1364 1259 1452 uersidrb).

662 1618 698 1688 4.

99 1735 294 1810 Hermann
310 1735 642 1812 Schedelaneiueu
655 1736 809 1810 bischof.
827 1735 1256 1835 [uiehscetc1455(i)¹].

330 1863 394 1921 eim.
412 1863 464 1919 224
483 1864 503 1920 f.
520 1865 582 1921 300.
619 1865 748 1936 Concepi.
771 1864 822 1920 wie
841 1864 891 1919 des
912 1863 1014 1936 rorigo.

104 1970 656 2060 Meldeiseiueensielluug
672 1970 1256 2058 uissiadberzbindugsburg.

191 2109 462 2176 Revereudissime
486 2117 588 2196 puber.
635 2111 711 2178 Cum
729 2112 950 2198 superioribus
973 2111 1082 2177 diebus
1098 2133 1157 2196 per
1171 2133 1256 2178 mor·

102 2221 166 2280 iem
190 2217 418 2302 predecessoris
440 2220 538 2284 vestri
562 2217 648 2284 foma
670 2219 709 2284 ed
733 2241 782 2282 me
806 2224 839 2283 ei
863 2218 942 2283 aiios
967 2238 998 2299 p.
1017 2238 1046 2280 v.
1072 2217 1257 2283 coniunctos

103 2321 299 2405 pervenisset
332 2328 365 2387 ei
387 2323 426 2388 de
457 2324 654 2408 amplissima
689 2329 794 2389 vestre
817 2323 977 2410 dignitate
1008 2321 1100 2388 nobis
1124 2322 1259 2388 referret

101 2433 133 2490 et
164 2431 230 2491 iem
253 2428 359 2493 subito
393 2450 447 2494 vos
469 2430 577 2494 ornari
606 2430 719 2496 debere
751 2433 843 2494 tenio
877 2427 1045 2512 splendore
1067 2427 1257 2511 pontificali,

101 2532 217 2597 mirum
232 2533 265 2596 in
282 2534 408 2598 modum
424 2557 454 2618 p.
471 2556 500 2600 r.
519 2534 705 2620 gratulabar
715 2583 804 2601 .....
829 2531 925 2600 Nunc
948 2553 1024 2598 vero
1047 2533 1129 2598 unde
1145 2534 1185 2599 ad
1201 2555 1256 2599 vos

102 2638 232 2704 inicium
256 2637 413 2703 scribendi
443 2662 562 2705 sumam
590 2644 646 2705 eui
660 2640 715 2705 ubi
732 2641 872 2706 desinam
897 2660 960 2704 non
983 2639 1120 2704 invenio.
1166 2637 1253 2704 Ten·

102 2753 165 2808 tem
190 2744 275 2808 enim
298 2745 406 2808 auimo
427 2745 655 2812 iocunditatem
679 2745 792 2811 attulit
815 2745 874 2810 hec
897 2765 1005 2810 recens
1020 2749 1124 2809 vestre
1147 2745 1253 2830 digni-

103 2849 178 2912 iuiis
207 2853 240 2913 eb
262 2849 391 2916 honoris
425 2851 623 2936 amplitudo,
653 2856 688 2916 ui
718 2850 793 2915 huic
825 2849 931 2915 officio
954 2872 1024 2915 meo
1047 2848 1129 2914 nihil
1153 2851 1256 2936 magis

103 2953 197 3033 obsit,
222 2975 317 3039 quum
335 2955 418 3039 quod
435 2955 530 3020 nimis
546 2958 584 3022 od
600 2956 759 3021 scribendi
775 2955 924 3020 effectum
940 2954 1105 3038 impedior.
1141 2953 1253 3020 Nostis

104 3079 248 3145 namque,
272 3064 364 3143 peter
387 3060 518 3143 optime,
543 3067 698 3146 quonium
714 3081 770 3125 ros
792 3059 893 3145 diligo
917 3065 948 3124 eb
971 3081 1045 3142 sepe
1069 3059 1129 3125 hoc
1151 3058 1252 3147 signis

105 3163 214 3228 multis
238 3185 427 3247 cognoscere
449 3164 608 3247 potuistis.
655 3163 810 3241 Quociens
842 3185 918 3249 ergo
941 3164 979 3229 de
1002 3170 1116 3230 ornatu
1147 3171 1178 3230 et
1202 3189 1255 3232 ex-

105 3269 244 3335 tollenda
267 3269 362 3334 leude
383 3291 416 3354 p,
431 3292 461 3334 v.
485 3269 607 3356 aliquid
636 3271 741 3349 sudio,
764 3269 811 3334 ibn
827 3269 943 3353 gaudio
958 3270 1082 3354 ingenii
1099 3271 1253 3352 offendor,

108 3381 143 3439 ub
167 3397 228 3441 uon
253 3377 332 3440 mihi
356 3377 434 3440 subis
456 3376 495 3439 ed
518 3375 579 3440 boc
595 3374 759 3460 ingenium
775 3375 913 3461 e(s)sieb‚
938 3395 1001 3459 quc
1016 3374 1166 3440 leudibus
1188 3399 1254 3442 me·

107 3481 264 3546 diocribus
287 3485 336 3546 seb
358 3480 431 3564 pius
454 3480 729 3547 excelleutissimis
753 3501 905 3544 exornare
928 3481 1129 3546 contendum.

189 3585 360 3666 Noveriiis,
383 3609 432 3651 me
455 3609 474 3651 n
488 3587 655 3652 consulatu
671 3585 869 3671 Augueiensi
896 3587 1048 3670 proximis
1065 3586 1174 3651 diebus
1190 3608 1256 3652 esse

10 3695 11 3704 ‘
107 3692 296 3758 warnerum
319 3713 378 3777 pro
405 3693 528 3778 phisico
554 3714 672 3772 eorum,
696 3713 758 3776 quo
774 3692 861 3758 omni
876 3692 926 3757 die
948 3693 1009 3757 iter
1025 3692 1166 3776 arripere
1181 3715 1257 3776 pro·

10 3803 11 3886 ]
105 3818 196 3879 pono.
253 3795 353 3882 Spero
381 3821 433 3864 me
466 3798 583 3863 ibidem
612 3798 727 3862 nedum
764 3803 911 3882 questum
942 3799 995 3863 sed
1024 3802 1056 3863 eb
1079 3798 1117 3862 ud
1140 3801 1255 3863 nubum

10 3903 11 3978 ᾗ
105 3909 217 3969 cuncis
240 3903 320 3970 mihi
342 3926 494 3990 prospere
517 3904 652 3970 evenire.
708 3901 840 3968 Habebo
873 3903 953 3967 inibi
977 3924 1036 3985 pro
1059 3902 1175 3967 salario
1197 3924 1254 3967 en-

10 4035 11 4090 i
105 4030 168 4073 nuo
190 4016 315 4075 centum
332 4031 443 4075 aureos
460 4031 609 4076 renenses
624 4013 666 4089 et,
690 4013 726 4074 ub
742 4030 805 4073 non
823 4007 946 4087 diffido,
970 4007 1145 4092 preciioam
1170 4008 1256 4091 opii·

10 4095 12 4174 ἶ
107 4137 197 4184 mem.
242 4116 442 4183 sollicitatus
472 4115 519 4182 fui
550 4139 607 4200 per
634 4115 784 4200 quosdam
820 4114 898 4178 mihi
925 4112 1198 4179 coniuncbissimos
1217 4114 1255 4177 de

669 4219 688 4254 *N*

179 4294 189 4346 l
210 4293 278 4349 1456
296 4291 335 4347 irc
347 4289 463 4347 Schedel
481 4290 585 4346 bereiie
604 4288 633 4344 iu
650 4290 802 4359 Augsburg
821 4286 1011 4342 nucbweisbur
1030 4305 1050 4341 s.
1070 4291 1157 4342 unben
1176 4304 1217 4340 nr.
1232 4289 1256 4341 5.

105 4380 246 4435 Geneuere
264 4380 402 4450 dsiirung
420 4381 491 4434 uecb
511 4378 560 4432 der
579 4376 756 4448 greiuiubiou
776 4392 823 4430 sm
845 4375 969 4446 oufeng,
989 4373 1034 4429 die
1055 4372 1128 4429 wohl
1147 4391 1200 4427 nur
1219 4390 1257 4428 en

105 4467 213 4523 Jobonn
235 4486 290 4525 von
308 4469 476 4536 (humbech,
503 4467 613 4523 bischoi
635 4483 689 4521 von
720 4464 886 4534 Wdrubnrg,
910 4463 1001 4534 geben
1021 4463 1097 4520 kann
1120 4461 1257 4532 (gewbblb

107 4555 172 4610 1455
190 4555 264 4627 april
286 4559 337 4628 14).
