3002 5070
791 417 834 482 20

236 597 357 672 verant,
382 614 483 677 neque
508 593 685 658 meminisse
709 592 781 658 volo
806 615 925 671 eorum,
950 614 1011 676 que
1038 593 1199 674 publicum
1226 593 1384 657 errarinm

233 698 422 762 imminuere
452 703 616 762 conantur.
662 697 827 783 Numquid
862 699 924 762 iam
950 704 1019 763 tota
1043 699 1166 762 milicia
1188 703 1303 764 contra
1324 699 1388 762 im·

234 803 356 888 perium
381 803 601 868 debachatur?
645 803 800 879 Quorsum
826 809 892 868 tam
916 805 997 868 sevit
1019 805 1185 868 adversum
1209 803 1388 888 burgenses

234 909 352 973 nobilis
376 907 586 992 tyrannides¹
611 909 822 992 principum?
859 907 922 972 Cur
945 915 1069 972 armata
1084 908 1293 974 castrensium
1318 930 1386 972 ma-

233 1037 293 1078 nus
314 1020 426 1079 contra
455 1014 595 1078 insuetos
618 1014 791 1079 bellatores
806 1014 854 1078 ita
873 1014 1036 1080 decertat?
1070 1011 1142 1078 Nisi
1158 1015 1243 1079 forte
1265 1013 1386 1079 fastum

234 1121 367 1186 delicate
383 1118 524 1184 civitatis
548 1124 702 1183 strennua
720 1118 863 1203 potentia
886 1119 969 1183 ferre
993 1140 1056 1183 non
1079 1124 1187 1203 potest
1212 1118 1386 1203 belligero-

234 1249 313 1293 rum.
360 1224 459 1289 Ponit
481 1261 526 1272 -
547 1225 627 1288 mihi
650 1225 758 1303 erede,
782 1225 859 1290 mihi
884 1227 1014 1310 inquam
1039 1227 1130 1290 crede
1145 1261 1190 1274 -
1205 1247 1313 1290 rerum
1330 1247 1386 1289 ou·

233 1332 383 1416 pidinem,
409 1331 572 1408 bonorem,
596 1329 864 1414 tranquillitatem
885 1332 1110 1414 temporariam
1127 1337 1159 1396 et
1176 1332 1262 1414 pacis
1274 1331 1386 1398 iocun-

233 1436 365 1500 ditatem
389 1457 445 1520 per
468 1436 568 1500 electa
590 1456 648 1497 sua
681 1434 808 1519 flagella
830 1436 1052 1521 cunctipotens
1076 1436 1233 1503 dominus.
1282 1434 1386 1518 Prop-

233 1547 320 1606 terea
343 1563 455 1606 moneo
485 1545 537 1617 te,
570 1561 610 1606 ne
634 1540 696 1623 hijs
720 1540 848 1621 boreas,
880 1563 942 1625 que
972 1562 1043 1606 cum
1066 1542 1184 1606 mundo
1205 1545 1386 1618 transeunt,

233 1647 397 1728 provideas
419 1651 535 1726 sutem,
559 1667 622 1730 que
645 1647 840 1711 immortalia
861 1653 947 1713 sunt.

319 1749 409 1816 'Pauo
432 1752 516 1817 enim
539 1752 572 1816 in
596 1757 655 1816 tua
677 1752 904 1818 florentissima
927 1751 1102 1837 republica
1123 1752 1228 1816 nullas
1251 1751 1386 1815 insidias

233 1857 393 1932 hostium,
427 1857 549 1922 nullam
582 1858 693 1941 populi
725 1858 980 1938 dimicationem,
1014 1857 1136 1923 nullam
1172 1856 1384 1922 defeccioncm

232 1962 359 2041 civium,
383 1961 504 2026 nullam
528 1963 668 2046 inopiam
693 1962 842 2046 stipendij
867 1969 923 2028 aut
947 1965 992 2028 rei
1015 1962 1235 2041 frumentario,
1260 1960 1383 2026 nullam

231 2066 415 2130 intestinam
441 2066 641 2146 sedicionem,
665 2067 790 2132 nullum
807 2067 1014 2134 domesticum
1032 2069 1155 2148 scisma,
1179 2066 1305 2132 nullum
1327 2087 1383 2130 ex·

232 2178 358 2237 ternum
388 2195 501 2258 agmen
533 2173 733 2258 iniquorum,
766 2195 827 2258 que
857 2195 993 2258 persepe
1025 2173 1277 2258 sapientissimos
1299 2171 1386 2234 viros

232 2279 422 2359 exanimant,
445 2279 649 2362 pertimescis.
704 2279 745 2342 tt
768 2281 795 2343 si
820 2282 858 2344 ad
890 2301 999 2345 omnes
1022 2285 1129 2364 partes
1151 2277 1300 2344 audiendi
1322 2277 1384 2340 tibi

232 2405 294 2448 non
317 2405 386 2448 sum
409 2384 573 2449 onerosior
594 2385 707 2461 solito,
731 2385 928 2464 describam,
963 2407 1056 2470 quem
1080 2389 1112 2449 te
1136 2404 1202 2448 esse
1224 2387 1384 2466 oporteat,

232 2491 268 2551 ut
291 2492 323 2552 et
347 2489 468 2554 labores
493 2489 620 2556 mollius
643 2490 727 2555 feras
751 2494 783 2556 et
806 2493 962 2556 censorias
978 2492 1078 2556 fasces
1095 2511 1166 2555 eum
1191 2489 1300 2554 fructu
1324 2487 1382 2552 bo·

231 2594 318 2658 noris
334 2605 489 2680 reportes.
503 2645 511 2659 .
523 2645 549 2662 ..
573 2593 693 2682 [tolgan
710 2596 870 2662 lehrbsfte
884 2597 1079 2681 ratscbldgc]
1157 2594 1193 2678 [l.
1207 2594 1283 2676 297]
1294 2592 1385 2668 Quod

230 2700 257 2762 si
289 2699 405 2764 bellum
429 2701 556 2786 aliquod
580 2702 793 2784 periculosum
812 2704 909 2767 eciam
934 2704 1083 2768 acceium
1101 2701 1297 2777 imminetur,
1320 2719 1385 2763 non

232 2811 401 2870 tremerem
422 2806 537 2885 auimo,
561 2809 643 2890 quod
665 2809 773 2872 eodem
790 2813 934 2893 tempore
957 2831 1024 2874 esse
1048 2806 1260 2891 intelligerem
1285 2806 1385 2870 eciam

231 2911 358 2975 fortune
374 2911 551 2995 potentiam
566 2912 598 2975 in
615 2919 648 2977 te
664 2919 885 2999 prorogatam
909 2915 963 2999 qui
977 2915 1061 2979 enim
1078 2914 1110 2978 in
1126 2912 1267 2997 proprijs
1290 2911 1386 2975 bellis

231 3022 263 3080 te
274 3017 443 3100 sapienter,
453 3018 632 3083 moduteet
648 3018 787 3084 civiliter
801 3020 939 3105 gessisti,
955 3021 988 3083 in
1005 3019 1144 3084 externis
1160 3015 1298 3100 amplius
1308 3036 1384 3080 con-
1498 3077 1499 3080 ,

230 3121 384 3186 liuentem
408 3121 587 3208 fortemque
622 3123 681 3206 lte]
706 3125 880 3190 exhiberes.
937 3122 997 3189 Sed
1022 3123 1160 3188 bellandi
1185 3126 1270 3186 certe
1293 3121 1385 3185 nulla

230 3227 351 3292 occasio
375 3233 431 3306 est,
458 3233 605 3312 quoniam
632 3250 668 3292 eo
689 3229 834 3311 parstibi
859 3229 903 3292 rei
920 3229 1047 3313 publice
1070 3227 1246 3306 commissa,
1270 3227 1303 3289 in
1320 3247 1385 3310 qna

231 3331 352 3396 nullam
372 3339 428 3397 aut
447 3335 650 3416 perexiguam
668 3339 793 3416 partem
810 3333 941 3398 fortuna
958 3341 1046 3398 tenet
1058 3339 1091 3398 st
1115 3355 1177 3419 que
1192 3331 1289 3397 michi
1315 3335 1386 3396 tota

230 3437 263 3500 in
286 3441 341 3500 tua
363 3438 484 3502 virtute
507 3460 543 3502 sc
567 3439 786 3503 moderacione
816 3440 963 3524 componi
991 3459 1081 3521 posse
1103 3438 1259 3504 videatur.
1309 3435 1384 3502 Tibi

230 3544 303 3605 data
326 3548 374 3605 est
396 3563 518 3606 summa
531 3543 763 3627 tranquillitas,
788 3543 834 3608 ita
856 3549 963 3608 tamen
981 3549 1018 3608 ut
1034 3565 1071 3609 ea
1091 3544 1301 3608 dormientem
1326 3565 1385 3628 gu·

232 3648 431 3712 bernatorem
462 3648 513 3712 vel
545 3649 694 3730 obruere,
722 3649 910 3734 vigilantem
943 3651 1041 3714 eciam
1076 3649 1233 3713 delectare
1271 3649 1382 3732 possit.

231 3751 363 3817 Constat
387 3753 472 3817 enim
493 3758 584 3818 tuum
608 3755 776 3839 imperium
797 3755 938 3839 primum
963 3777 1000 3819 er
1014 3775 1050 3818 eo
1074 3775 1190 3838 genere
1213 3755 1383 3834 sociorum,

230 3858 313 3942 quod
337 3863 385 3922 est
408 3881 444 3922 er
469 3859 632 3924 bominum
661 3861 802 3924 omnium
833 3881 948 3945 genere
979 3859 1251 3926 humanissimum.
1305 3859 1382 3926 Sue-

229 3983 339 4028 vorum
363 3985 498 4049 namque
522 3985 600 4048 gens
623 3987 686 4030 non
709 3969 747 4029 ut
767 3965 896 4049 quidam
910 3964 1072 4047 temerarij
1094 3963 1253 4048 garriunt,
1276 3987 1381 4030 sevam

230 4070 327 4135 babet
348 4069 620 4155 appellacionem²
647 4072 700 4136 sed
713 4070 926 4150 mitissimam,
950 4069 1253 4155 quodpretcrlluens
1272 4077 1380 4136 osten-

796 4178 815 4213 U*

302 4247 310 4296 l
334 4243 442 4298 Ebenso
460 4261 494 4299 w.
514 4263 540 4300 u.
578 4245 628 4300 Dic
647 4245 717 4301 lorm
748 4243 908 4315 tyrannidis
933 4245 976 4298 als
1003 4244 1108 4300 nomin.
1140 4242 1183 4298 bei
1202 4242 1382 4302 Dieffcnbaoh

228 4329 332 4400 belegt.
387 4332 403 4383 2
424 4331 473 4385 Die
494 4331 711 4401 gleichsetzung:
724 4329 832 4399 »Suari
850 4331 898 4401 qui
913 4331 1026 4385 etnam
1047 4330 1195 4386 besondars
1216 4330 1246 4385 ln
1259 4331 1384 4388 Meister·

229 4419 284 4474 lins
302 4417 533 4488 Chronograpbia
553 4419 596 4483 11,
624 4419 685 4474 lfl'.
714 4421 881 4483 rerwertet,
909 4417 1022 4474 auidis
1044 4419 1116 4474 wohl
1143 4418 1205 4475 bier
1223 4421 1383 4493 angsspielt

229 4523 289 4562 sem
308 4523 383 4576 mag.
