3002 5070
647 453 688 516 69

96 629 178 694 ribru
201 631 342 695 humoris
376 629 454 695 meis
483 629 659 714 imparibus
683 634 874 700 submissum
897 628 1005 708 scitis,
1035 651 1096 715 que
1119 631 1245 716 quidem

95 756 185 800 onera
206 734 349 820 plurium
372 735 626 802 doctissimorum
656 739 786 826 altoque
809 735 1007 823 sxporicncio
1029 735 1169 801 virorum
1195 735 1244 800 in-

96 841 183 924 genic
197 845 414 925 exposcerent,
437 842 552 927 quibus
568 864 627 926 par
642 866 707 911 csse
722 868 785 912 non
810 843 931 930 poteris
943 842 988 926 (l).
1013 838 1103 904 Inter
1118 844 1239 906 ceteras

94 947 222 1032 denique
243 947 481 1012 commissiones
499 946 578 1012 mibi
602 947 705 1014 factas
720 955 859 1015 vestram
885 943 1094 1032 proculdubio
1117 963 1240 1008 summe

96 1050 167 1116 mihi
190 1052 445 1118 commendatam
470 1052 578 1118 habco.
624 1052 764 1140 Repperi
789 1056 889 1122 eciam
911 1047 1128 1137 procuroloris
1150 1067 1241 1112 mon·

94 1157 203 1236 datum,
228 1178 294 1243 quo
317 1156 512 1242 generaliter
534 1157 573 1223 ad
596 1157 669 1225 lites
693 1182 750 1244 por
777 1157 935 1225 Erelbacb
960 1153 1049 1221 vobis
1062 1153 1240 1219 'movendas

94 1267 122 1327 st
143 1263 283 1328 nondum
305 1267 408 1328 motas
430 1268 672 1348 procuratorem
696 1273 838 1334 vestrum
853 1263 1063 1332 constitutum
1085 1281 1135 1325 mc
1151 1260 1241 1345 (con-

92 1369 248 1453 stitutum)
270 1368 374 1434 video.
421 1365 540 1434 Verum
563 1392 636 1436 cum
652 1371 806 1438 hactenus
823 1371 913 1439 nulla
935 1367 1024 1435 vobis
1046 1365 1161 1432 citacio
1185 1385 1242 1448 per

92 1473 188 1558 ipsum
211 1473 376 1540 insinuata
398 1475 451 1554 ait,
473 1495 714 1559 supervacuum,
737 1500 845 1565 ymmo
868 1476 990 1542 nullius
1022 1471 1162 1540 cfficacie
1185 1470 1244 1536 boc

92 1579 268 1645 mandatnm
295 1584 353 1644 cst.
399 1579 469 1645 Hoc
491 1602 551 1665 pro
573 1586 665 1647 tanto
688 1585 777 1650 vobio
800 1583 964 1670 cognitum
988 1579 1030 1644 iri
1045 1576 1141 1658 volui,
1164 1581 1201 1642 ut
1215 1574 1243 1640 si

92 1683 121 1748 io
144 1689 238 1750 antea
261 1684 303 1750 ad
327 1683 518 1750 instanciam
542 1687 610 1751 eius
633 1687 837 1768 citaramini‚
859 1707 976 1752 novum
999 1683 1183 1748 mandatum
1206 1700 1244 1745 ox

92 1789 154 1873 ipsa
185 1790 345 1857 citcciono
378 1789 575 1856 fundandum
612 1793 834 1859 transmittare
867 1813 930 1857 non
965 1787 1146 1873 negligetis.
1194 1784 1244 1851 Ad

91 1893 174 1958 litem
196 1895 306 1975 onim,
330 1917 391 1981 quc
422 1916 484 1961 non
508 1901 577 1975 cst,
608 1902 796 1980 procurator
820 1896 978 1964 istomodo
1002 1892 1155 1960 constitui
1178 1912 1242 1955 non

91 2005 189 2083 potest
205 1999 225 2068 ¹.
274 1999 323 2066 De
345 2001 564 2085 imperialibus
587 2001 718 2086 insuper
740 2004 888 2087 precibus
913 2002 943 2067 d.
959 1999 1148 2066 Heinricum
1173 1996 1241 2082 plc-

92 2106 199 2170 bannm
223 2107 256 2171 in
276 2104 495 2172 lllacnensud²
519 2113 625 2173 vestro
647 2110 791 2195 cognati
815 2108 912 2175 rastri
935 2107 1063 2172 nomine
1086 2104 1240 2169 avisatum

91 2207 144 2274 ieci
165 2214 197 2274 et
212 2210 340 2276 faciam.
387 2210 434 2276 De
449 2213 576 2278 domiuo
594 2212 744 2294 Karolo³‚
769 2215 885 2300 quibus
900 2212 1051 2298 auspicijs
1069 2210 1240 2294 dirigatur,

90 2315 223 2382 incertus
246 2339 329 2396 sum,
354 2339 457 2401 nequa
480 2318 518 2382 dc
543 2319 610 2384 vita
634 2320 700 2384 cios
718 2321 885 2386 calmonte
908 2322 981 2405 post
996 2315 1166 2384 sollicitam
1190 2315 1239 2379 in·

91 2421 291 2504 quisicionom
316 2446 336 2487 o
359 2445 519 2509 quoquam
546 2427 714 2491 cerciorari
731 2426 829 2512 quivi.
876 2425 1006 2491 lnstabo
1022 2428 1129 2488 tamen
1145 2441 1242 2504 opera

92 2529 195 2593 maiori
219 2529 327 2615 siquid
350 2529 417 2593 veri
441 2529 520 2595 mihi
544 2529 742 2596 innotescere
774 2531 885 2615 possit.
941 2529 985 2596 De
1010 2523 1239 2615 persecutore‘

93 2631 212 2718 insuper
236 2639 360 2713 nostro,
384 2656 477 2720 quem
503 2656 556 2699 vos
579 2635 799 2721 sicophantem
822 2656 1060 2721 ganeoncmquc
1092 2631 1242 2717 appelare

93 2741 285 2819 promerito
307 2739 473 2818 voluistis,
503 2761 543 2805 cx
565 2741 684 2807 littaris
706 2742 887 2808 consulatui
918 2741 1021 2808 missis
1043 2761 1099 2804 vos
1121 2737 1239 2805 cercio-

93 2843 218 2929 arip),
243 2845 277 2910 id
301 2845 353 2910 hic
375 2851 531 2931 pretereo,
561 2848 617 2932 qui
639 2848 726 2913 omni
749 2847 937 2914 verecundia
965 2850 1086 2912 semota
1108 2850 1140 2910 st
1161 2844 1241 2929 phas

91 2953 119 3013 et
141 2951 262 3036 nephas
286 2949 444 3036 impavide
461 2952 636 3040 agreditur,
661 2975 754 3039 qoem
772 2953 902 3018 infamia
927 2952 1023 3018 rubor
1048 2951 1150 3016 tantis
1174 2972 1240 3015 ma-

91 3055 166 3122 culis
188 3056 327 3137 sedavit,
362 3063 399 3120 ut
422 3059 581 3126 maliciam
606 3059 777 3138 honorem,
807 3059 963 3124 iniustum
992 3059 1112 3123 iustum
1144 3061 1240 3141 atque

92 3159 228 3245 iniquum
247 3183 363 3248 equum
380 3167 473 3247 putet
489 3167 522 3227 et
536 3162 852 3248 calumpniosissimis
867 3163 932 3227 suis
948 3162 1149 3227 tradimcntis
1164 3181 1238 3226 con·

93 3271 137 3330 tra
159 3267 254 3333 fidem
279 3272 311 3333 et
334 3269 548 3338 iuramentum
570 3269 741 3356 plerosque
765 3269 943 3354 inquietare
967 3289 1030 3334 non
1053 3271 1209 3332 verentur.

174 3371 303 3439 llonctc
331 3375 498 3440 valorem⁵
523 3375 575 3440 hic
598 3378 778 3441 currentem
802 3379 834 3439 ct
856 3375 894 3440 dc
924 3396 1007 3440 novo
1030 3377 1159 3438 moneta
1181 3371 1241 3436 hoc

95 3479 230 3562 temporo
255 3479 306 3545 hic
329 3481 470 3546 cudendo
493 3502 551 3565 per
571 3480 710 3546 famulos
732 3480 893 3547 societatis
916 3477 1047 3546 vestre⁸
1082 3476 1239 3543 verisimi-

93 3579 160 3646 liter
193 3605 248 3650 vos
283 3585 489 3652 certioratum
522 3587 672 3651 arbitror.
730 3585 851 3650 Rursus
887 3607 925 3650 ne
961 3606 1033 3651 cum
1056 3585 1116 3648 mci
1140 3584 1241 3668 ipsius

95 3685 253 3755 immemor
275 3711 500 3776 cognoscerer,
535 3692 712 3757 alienarum
740 3714 847 3756 rerum
879 3691 983 3756 minus
1006 3689 1143 3773 diligens
1166 3710 1238 3772 prc-

94 3811 202 3875 sumat,
224 3797 338 3862 maiori
362 3819 454 3882 prece
477 3819 532 3862 vos
554 3796 668 3862 hortor
683 3803 715 3863 st
738 3818 860 3877 moneo,
884 3801 920 3862 ut
941 3817 1071 3880 operam
1094 3816 1165 3861 cum
1189 3816 1239 3859 cc·

656 3905 674 3940 ιι

161 3969 173 4022 1
195 3971 265 4026 1⁴60
283 3970 351 4026 febr.
369 3973 386 4026 t
404 3971 641 4043 borollmtchtigt
660 3971 836 4028 (losscmbrot
862 3985 974 4040 »wsgm
994 3969 1044 4025 dar
1061 3966 1163 4038 oprtet
1182 3966 1238 4021 vnd

95 4055 241 4127 vordrnng,
267 4075 298 4114 so
325 4057 460 4114 Heinrich
478 4056 616 4115 llrelbcch
641 4077 674 4114 au
694 4059 748 4113 mir
766 4076 799 4112 nn
829 4058 914 4127 logon
942 4057 999 4111 end
1018 4075 1051 4110 nu
1070 4055 1162 4111 habco
1182 4071 1238 4110 ver·

96 4144 408 4203 admunitionem
429 4149 591 4218 genounten
619 4148 691 4202 cuch
709 4145 845 4203 Valentio
865 4145 944 4200 Ebur.
981 4142 1175 4200 Hcrwartschc
1188 4141 1240 4195 Ur·

96 4229 360 4306 tondemcmmlong
379 4235 399 4290 1.
412 4235 554 4306 Snpplsm.
573 4235 603 4289 u.
623 4235 658 4294 ΙΙ.
687 4235 790 4305 dagob.
810 4232 1001 4289 Stcdtarchiv.
1074 4233 1090 4286 2
1111 4229 1239 4285 llattsios

96 4315 134 4372 bei
152 4319 338 4378 llindclboim.
423 4320 547 4393 Hagen.
618 4322 785 4378 tErlbaoh.
859 4321 951 4378 bcod.
973 4319 1070 4376 valeri.
1153 4317 1239 4374 onia

96 4407 203 4464 metae
225 4409 264 4465 int
293 4411 339 4466 die
361 4410 662 4482 handclsgescllocbalt
687 4411 889 4468 Gossambrots.
932 4397 1006 4462 llber
1032 4407 1078 4462 dic
1097 4411 1239 4461 munzvor·

98 4493 301 4571 ecblcclrtsrung
319 4517 339 4554 s.
355 4499 457 4564 Hubcr,
475 4499 572 4554 Gesob.
596 4497 782 4556 Oestsrreichs
802 4499 849 4563 ΙΙΙ,
872 4497 931 4554 153.
968 4492 1237 4556 sudtecnronitac

101 4579 126 4644 V.
145 4585 229 4645 llll.
