3002 5070
827 419 870 486 50

279 594 439 674 ceciderit,
463 615 524 659 non
549 597 607 672 eet,
632 593 685 678 qni
717 591 862 658 sublevet
892 615 974 660 eum.
1029 592 1062 658 Si
1090 595 1172 658 enim
1195 595 1357 658 maiorum
1382 614 1436 656 no-

279 703 418 766 strorum
450 701 544 766 dictis
571 705 604 764 et
634 698 728 764 factis
760 699 855 764 inniti
886 699 1098 776 voluerimus,
1129 697 1252 763 nullam
1285 720 1437 784 nmquam

280 805 319 869 cd
339 807 523 872 evertendas
545 805 640 870 nrbes
662 807 813 870 maiorem
833 809 971 890 pectem,
1005 827 1102 891 quam
1124 804 1317 870 discordiam
1342 803 1438 869 fuisse

280 911 500 993 comperimus.
556 909 704 994 Regnum
731 909 816 975 enim
850 909 883 975 in
913 931 946 975 ae
976 909 1110 975 divinum
1141 907 1279 973 decolari
1312 929 1437 974 necesse

280 1019 336 1079 eet.
384 1015 499 1081 Eruite
515 1015 642 1099 itaque,
665 1014 772 1079 exuite
804 1036 984 1101 novumque
999 1037 1140 1080 errorem
1164 1014 1318 1097 deponite
1342 1019 1438 1097 atque

279 1120 378 1184 veteri
401 1141 497 1204 pace,
520 1119 689 1186 concordia
710 1124 743 1183 et
766 1119 901 1184 caritate
922 1125 1043 1184 mentes
1065 1122 1186 1184 vestrae
1209 1117 1338 1184 induite
1361 1139 1435 1202 ope·

279 1247 412 1311 remque
443 1226 535 1304 date,
569 1245 683 1308 queso,
720 1229 756 1288 ut
784 1224 930 1308 pluribus
961 1224 1058 1290 aimnl
1082 1231 1115 1290 et
1137 1225 1244 1290 federe
1265 1222 1439 1308 iungendis

278 1329 417 1414 prirtina
439 1328 588 1414 potencia
603 1329 788 1406 virtutibus,
811 1331 909 1396 armis
928 1335 961 1394 et
976 1328 1102 1414 legibue
1125 1330 1258 1414 pacifice
1282 1335 1317 1395 et
1334 1329 1439 1414 quiete

279 1433 343 1498 frui
360 1438 394 1498 et
407 1435 453 1500 sie
469 1433 574 1498 vivere
587 1433 730 1512 valentin,
760 1435 843 1518 quod
861 1434 950 1500 nullu
965 1434 1029 1500 elio
1045 1439 1140 1519 pacto
1168 1457 1264 1518 quam
1294 1433 1435 1518 plurium

280 1538 445 1605 civitatum
469 1537 663 1604 continencia
686 1537 891 1603 efficiundum
915 1543 992 1623 puto
1007 1538 1029 1606 ¹.
1076 1537 1199 1604 Vereor
1227 1539 1377 1622 denique,
1401 1559 1437 1600 ne

279 1643 431 1708 molestus
446 1643 537 1708 vobis
552 1643 622 1708 aim.
669 1642 803 1708 Afficior
817 1645 902 1708 enim
917 1645 1023 1709 aniano
1038 1649 1136 1730 atque
1160 1643 1322 1708 calamum
1338 1649 1436 1708 retra·

284 1747 360 1813 here
382 1767 515 1833 nequeo,
538 1769 609 1812 cum
627 1747 769 1831 undique
793 1747 975 1813 civitatibus
991 1747 1112 1814 cladem
1129 1749 1299 1813 imminere
1314 1749 1435 1812 videam

282 1857 482 1936 rectoresque
490 1873 597 1916 eorum
608 1851 656 1938 (t),
668 1852 786 1932 oculos,
798 1873 900 1931 auree,
914 1875 1004 1918 nares
1012 1853 1176 1932 habentes,
1193 1854 1313 1934 videre,
1329 1853 1437 1917 audire

279 1959 411 2024 odorare
436 1958 583 2036 tardant,
606 1979 677 2022 cum
700 1961 807 2022 tamen
829 1958 927 2042 longe
950 1959 1054 2025 tucius
1076 1959 1121 2023 nit
1143 1963 1219 2025 ante
1243 1964 1373 2042 tempus
1388 1977 1437 2020 oc·

281 2085 419 2142 currere,
436 2084 529 2147 quam
548 2067 620 2146 post
636 2062 835 2128 vulneratam
851 2084 976 2129 caueam
994 2063 1168 2129 remedium
1181 2086 1318 2148 querere
1337 2065 1438 2128 iuxta:

285 2167 427 2233 ›Occure
450 2167 527 2232 dnm
542 2167 674 2250 poteris,
697 2189 768 2232 sero
783 2169 937 2234 medicina
953 2172 1095 2253 paratur,
1120 2189 1192 2234 cum
1206 2167 1293 2234 mala
1310 2167 1436 2253 prolon·
1480 2205 1481 2226 t

281 2293 349 2358 gae,
371 2273 533 2337 invaluere
549 2271 713 2358 rnora(s).e
746 2271 788 2336 Et
814 2271 876 2357 hijs
899 2274 988 2339 vobis
1003 2273 1063 2338 coli
1079 2273 1191 2339 fidenti
1210 2273 1321 2338 animo
1349 2270 1438 2336 dictis

279 2377 374 2442 finem
398 2375 502 2441 facere
524 2377 662 2457 institui,
685 2377 746 2442 hcc
772 2383 875 2461 pacto,
897 2383 933 2443 ut
956 2379 995 2443 de
1010 2400 1061 2443 me
1083 2379 1130 2443 ita
1145 2381 1306 2444 statutum
1324 2377 1437 2442 habere

281 2481 398 2560 velitis,
414 2480 540 2547 nullum
551 2482 671 2547 laboris
682 2486 738 2547 aut
753 2481 954 2548 difficultatis
970 2505 1070 2568 genus
1085 2504 1144 2568 pro
1155 2482 1290 2562 honore,
1308 2481 1435 2549 comodo

279 2591 313 2652 et
335 2587 481 2652 utilitate
495 2591 602 2650 vestra
619 2609 670 2652 me
686 2609 834 2671 umquam
852 2595 1081 2655 recusaturum.
1128 2585 1321 2675 Magistro]
1342 2586 1436 2673 H[er·

281 2691 410 2774 manno]
420 2689 543 2775 aliquid
554 2693 754 2775 presentibus
763 2693 948 2759 tradendum
963 2691 1090 2772 statni²‚
1107 2694 1191 2778 qnod
1204 2694 1317 2759 videre
1332 2701 1438 2778 atque,

278 2797 305 2861 si
329 2795 421 2880 copia
442 2795 510 2858 eine
532 2795 684 2861 hactenus
706 2797 853 2876 defuerit,
877 2800 910 2863 in
933 2799 1092 2864 communi
1107 2820 1217 2864 eccum
1232 2800 1283 2863 uti
1303 2799 1435 2884 placeat.

281 2901 413 2966 Demum
438 2898 543 2964 valere
565 2921 620 2965 vos
650 2907 727 2986 opto
759 2907 792 2967 et
822 2903 921 2970 vulco.
981 2903 1110 2989 Raptim
1135 2926 1174 2967 ex
1198 2901 1352 2988 Wyenna
1375 2905 1438 2986 ipsa

280 3007 330 3070 die
354 3003 542 3088 Magdalene
558 3003 653 3072 L1x0.

370 3108 589 3196 V[alentinua]
615 3109 741 3196 E[ber].

828 3321 889 3392 21.
960 3327 964 3336 '
1479 3379 1480 3386 ,

280 3443 456 3516 Valentiu
495 3441 592 3514 Eber
625 3467 675 3514 an
719 3441 911 3515 Hermann
955 3441 1120 3518 Schedel.
1193 3443 1307 3520 Wien
1342 3444 1433 3520 1459

770 3563 842 3655 juli
871 3565 930 3636 22.

636 3689 699 3744 clm.
719 3689 804 3744 2241.
823 3690 913 3746 336212
938 3689 1076 3761 Originel.

280 3816 527 3884 Politische
551 3813 829 3882 nachrichteu.
857 3797 1261 3900 [iberacndungvon
1288 3815 1435 3884 schrif-

417 3923 574 3987 tendes
599 3917 1052 3984 AeneacSilviuennd
1080 3920 1298 3988 Bcrziaza.

364 4061 404 4128 Se
426 4067 528 4129 totum
554 4056 705 4145 quicquid
728 4061 776 4119 est
798 4054 940 4139 plurimu
955 4078 1025 4124 curn
1049 4060 1161 4125 salute.
1211 4061 1281 4126 ursi
1306 4063 1430 4148 longine
1478 4095 1479 4100 κ

845 4165 864 4201 ἃ

350 4238 362 4291 l
384 4235 441 4290 Ani
457 4234 533 4290 dicae
556 4229 637 4286 etelle
662 4225 772 4282 benieht
790 4227 847 4283 nich
862 4227 1018 4298 jedenfalle
1036 4229 1082 4286 dic
1105 4232 1283 4304 bemerkung
1293 4233 1435 4290 Hermann
1478 4277 1479 4306 3

278 4323 407 4379 Schedels
422 4341 467 4378 am
481 4321 588 4376 achlnac
600 4316 709 4386 einiger
722 4315 839 4384 flficbtig
852 4315 1079 4386 hingewort'enen
1091 4320 1167 4372 attae
1186 4317 1243 4374 »Dc
1263 4321 1434 4394 principibus
1478 4317 1479 4323 ’

278 4411 460 4467 Germanice:
485 4407 572 4464 »Vide
583 4407 617 4462 de
627 4403 763 4461 divisione
781 4403 931 4459 civitatum
951 4401 1073 4474 perVal.
1090 4405 1183 4460 iiber«
1199 4406 1264 4465 clm.
1276 4409 1329 4464 224
1341 4411 1363 4463 s.
1382 4409 1434 4464 283.

278 4499 295 4551 2
313 4497 339 4555 S.
358 4499 408 4552 dae
432 4497 570 4569 folgende.
