3062 5068
803 413 865 480 192

258 588 378 655 domini
402 589 463 653 mei
488 610 558 654 cum
582 588 655 673 alijs
691 591 729 654 de
752 591 937 657 civitatibus
953 593 1031 676 ipsis
1045 591 1271 658 coherentibus
1293 591 1355 655 iter
1376 612 1415 654 ex

257 692 479 780 Nuremberga
502 695 572 778 ipso
593 694 644 760 die
666 700 774 761 sancte
792 695 983 782 Welpurgis
1007 697 1156 780 proxime
1178 697 1311 776 futuro,
1344 717 1414 761 cum

258 801 315 880 1¹⁸,
338 803 375 865 nt
390 799 506 879 audivi,
529 801 740 885 equestribus.
791 799 859 867 Nec
881 823 966 867 mors
981 801 1087 886 Georij
1111 802 1149 866 de
1166 801 1339 867 Podiebrat
1360 807 1416 865 aut

259 905 439 990 Rogirauus
448 905 509 989 (1)ι
525 907 641 972 dietam
655 907 738 972 hanc
752 907 903 972 indictam
920 908 1031 992 queris
1047 913 1141 991 pacto
1155 907 1322 992 impediet,
1337 907 1415 989 quin

258 1031 461 1097 progressum
482 1031 574 1076 suum
599 1010 724 1077 babeat.
772 1011 854 1089 Quid
878 1011 1006 1076 tandem
1023 1012 1098 1077 boni
1120 1025 1176 1077 aut
1192 1011 1269 1078 mali
1292 1010 1415 1076 machi·
1511 1007 1512 1055 l

259 1120 387 1193 nentur,
419 1117 509 1181 novit
531 1117 617 1195 deus,
653 1139 711 1182 nec
734 1137 823 1183 mens
850 1117 989 1182 humana
1010 1117 1086 1181 boni
1108 1117 1230 1203 aliquid
1253 1117 1417 1201 presagire

258 1228 374 1305 potest,
396 1221 549 1305 inspectis
572 1220 634 1285 biis
658 1221 768 1302 melis,
801 1221 918 1306 qnibns
942 1221 1077 1286 mundus
1100 1226 1187 1287 totus
1209 1223 1297 1286 omni
1322 1242 1416 1305 spur·

258 1327 337 1392 eicie
359 1331 559 1410 peccatorum
589 1325 622 1391 in
654 1331 790 1412 utroque
812 1332 899 1391 statu
922 1327 1035 1410 plenus
1058 1332 1106 1392 est
1129 1334 1171 1406 et,
1193 1334 1231 1392 nt
1253 1327 1414 1392 verisimi-

260 1431 336 1497 liter
359 1431 570 1497 coniecturari
594 1451 733 1515 possum,
756 1431 967 1515 (impossibile
982 1437 1062 1515 aput
1083 1453 1133 1497 me
1149 1431 1244 1516 fore),
1267 1432 1316 1498 nil
1339 1433 1416 1496 boni

260 1539 445 1603 humanitus
469 1538 501 1602 in
525 1537 675 1620 operibns
698 1539 771 1602 fidei
795 1542 828 1602 at
852 1537 942 1602 bonis
958 1537 1096 1621 publicis
1113 1541 1146 1602 et
1161 1537 1297 1622 privatis
1321 1557 1417 1620 puoee
1512 1589 1513 1596 .

258 1643 469 1710 effectualiter
500 1643 588 1721 fieri,
622 1643 684 1706 nisi
714 1642 862 1726 perprius
873 1641 910 1728 (1)
944 1643 1020 1708 deus
1042 1663 1100 1708 sua
1121 1643 1279 1728 singulari
1304 1643 1418 1727 gracia

258 1749 520 1815 reformacionem
548 1748 581 1812 in
614 1753 751 1833 utroque
780 1752 868 1814 statu
890 1747 1007 1829 faciet,
1043 1769 1107 1834 qno
1130 1749 1226 1814 corda
1247 1747 1417 1813 hominum

259 1855 401 1921 fidelium
423 1875 440 1919 a
464 1853 667 1938 spurcissime
683 1854 824 1937 perfidia,
848 1853 987 1920 avaricia
1009 1859 1042 1919 et
1065 1853 1194 1920 luxurie
1216 1854 1419 1938 castigentur

259 1967 315 2027 eut
337 1965 524 2026 coercentur
550 1964 580 2024 et
603 1961 825 2043 prostratos(!)
859 1959 946 2025 omni
978 1981 1049 2025 enm
1080 1958 1250 2025 devocione
1273 1960 1306 2023 in
1329 1963 1419 2022 terra

259 2067 353 2132 corda
368 2069 477 2130 nostra
486 2069 565 2147 aput
574 2064 677 2148 ipsum
691 2065 784 2130 deum
796 2064 1010 2130 humiliemur.
1036 2063 1346 2130 Necessariiseimum
1362 2085 1418 2128 ar-

261 2172 399 2237 bitrarer
430 2170 585 2236 celebrari
615 2169 802 2250 concilium,
838 2169 922 2256 quod
953 2189 1038 2253 pepe
1069 2169 1224 2254 impedire
1245 2190 1319 2235 cum
1341 2174 1418 2234 cetu

259 2276 467 2344 cardinalium
496 2275 618 2340 assidue
641 2276 806 2340 laboravit.
858 2271 956 2340 Fama
991 2274 1044 2340 bic
1066 2274 1166 2353 volet,
1189 2296 1247 2340 nec
1267 2274 1297 2339 d.
1321 2273 1419 2339 Colo-

260 2383 401 2448 nieusem
437 2387 469 2446 et
491 2378 716 2446 Treverensem
749 2380 913 2465 episcopos
944 2383 977 2444 et
1008 2379 1189 2446 Palatinum
1223 2379 1303 2444 lieni
1334 2379 1421 2444 valle

259 2487 367 2552 venire
387 2487 426 2553 ad
449 2487 565 2552 dietam
588 2485 752 2551 indictam.

804 2758 866 2832 90.

262 2902 456 2976 Hermann
493 2899 647 2973 Schedel
682 2923 730 2972 an
772 2899 881 2973 einen
927 2899 1209 2973 unbekannten.
1275 2899 1420 2994 [Ndrn-

694 3023 799 3119 berg]
840 3022 981 3096 14721

565 3178 627 3232 olm.
646 3177 696 3230 221
716 3177 736 3231 l.
754 3177 789 3230 20
808 3175 927 3246 einlage.
965 3177 1089 3248 concept
1100 3175 1118 3231 ⁸.

261 3306 561 3372 Nuchrichteu
583 3305 690 3368 tiber
722 3300 777 3366 dr.
801 3301 968 3366 Zenuer.
1021 3301 1150 3366 Bitte
1181 3323 1245 3366 um
1269 3305 1420 3386 orgin-

379 3433 483 3496 zuug
507 3411 626 3474 eines
649 3406 858 3473 defelrten
881 3404 1293 3490 Odsarexemplars.

349 3548 621 3615 Reverendissime
644 3552 748 3631 pater,
772 3547 873 3611 maier
898 3550 931 3610 et
952 3547 1135 3629 preceptor!
1152 3593 1364 3612 .........
1380 3545 1419 3610 Iu

261 3657 327 3722 dies
350 3657 445 3721 finem
470 3674 561 3719 cause
583 3658 687 3717 vestre
708 3673 817 3716 omnes
840 3649 930 3717 avide
954 3652 1106 3715 hactenus
1122 3652 1365 3734 expectabamus
1384 3656 1420 3716 et

262 3763 349 3828 omni
374 3761 488 3827 fiducia
519 3761 552 3824 in
586 3757 671 3823 brevi
696 3757 729 3820 in
761 3757 856 3820 finem
884 3760 1030 3839 optatum
1054 3759 1086 3819 et
1109 3753 1233 3821 salvum
1256 3755 1315 3820 deo
1338 3757 1421 3822 duce

261 3869 395 3953 posthac
428 3867 602 3932 rediturum
638 3882 820 3948 speremus,
853 3865 888 3925 et
918 3881 989 3926 cum
1024 3860 1260 3938 medebatur,
1292 3861 1420 3926 animus

261 3973 403 4038 onmium
428 3977 608 4037 nostrorum
625 3989 794 4052 suspensus
810 3966 846 4091 t*
880 3965 998 4031 Doctor
1021 3965 1190 4032 Cnenner⁸
1212 3966 1334 4031 curiam
1356 3968 1420 4032 im·

332 4145 520 4204 lPodiebrad
551 4145 630 4198 eterb
657 4159 703 4197 am
721 4141 763 4196 22.
784 4144 873 4206 mitra,
905 4139 1058 4208 Rolrynana
1077 4157 1122 4195 am
1142 4139 1185 4194 22.
1204 4139 1321 4195 februar
1341 4141 1418 4196 1471.

261 4239 278 4290 2
297 4237 347 4291 Die
362 4235 525 4305 J'ahreszehl
544 4233 614 4290 oben
633 4232 685 4286 eui
700 4229 749 4285 der
767 4229 843 4284 scite.
943 4227 960 4283 3
983 4225 1136 4298 l'rcgment
1162 4227 1239 4283 einer
1257 4228 1421 4284 rainscbrilt

264 4323 282 4375 f.
302 4322 361 4377 318.
434 4323 450 4376 4
470 4323 504 4376 lje
523 4320 641 4376 bendelt
659 4317 717 4373 sich
731 4317 792 4373 eleo
804 4333 853 4370 nm
867 4315 994 4386 jemand,
1015 4316 1064 4372 der
1077 4317 1243 4372 winesaehe
1261 4333 1309 4372 am
1321 4319 1420 4388 papst·

160 4483 165 4490 .
262 4409 352 4464 lichen
373 4409 437 4466 bole
454 4409 585 4464 betreibt.
677 4411 692 4462 5
713 4405 893 4474 Nllrnberger
915 4403 1001 4474 jurist
1020 4405 1077 4474 vgl.
1097 4405 1305 4470 ‚loscbimsobm
1325 4405 1420 4460 Heinr-

261 4498 335 4567 burg
356 4499 414 4552 116.
434 4497 490 4556 119.
