2990 5068
781 403 843 468 ree

238 574 392 642 Omnibus
414 577 608 661 posthabitis
631 581 663 641 te
687 576 813 642 tandem
836 575 896 640 tibi
913 575 1048 642 restitue
1063 582 1096 642 et
1112 583 1215 644 tecum
1232 579 1272 643 de
1287 581 1398 644 morte

237 683 380 766 cogitare
402 683 517 766 incipe,
541 683 591 748 cui
616 683 732 747 sensim
750 685 783 747 et
798 682 923 747 nescius
939 683 1187 767 appropinquas.
1237 681 1397 748 Rescissis

237 788 314 853 velis
337 788 540 873 tenebrisque
563 788 711 854 discursis
733 789 766 852 in
789 787 880 854 illam
905 788 1013 854 oculos
1034 788 1107 873 fige.
1152 785 1235 852 (lare
1258 810 1300 853 ne
1323 787 1395 853 ulla

237 893 303 958 dies
325 898 383 959 aut
405 915 467 959 nox
490 899 642 973 transeat,
666 915 728 980 qne
751 915 814 958 non
839 893 901 959 tibi
933 894 1119 960 memoriam
1142 894 1283 978 supremi
1309 899 1394 958 tem·

239 998 323 1082 poris
346 998 482 1084 ingerat.
536 997 692 1084 Quicquid
725 999 774 1064 vel
798 997 900 1065 oculis
930 998 981 1065 vel
1011 1000 1118 1065 animo
1141 997 1316 1084 cogitantis
1336 1019 1393 1064 oe·
1491 1069 1492 1092 ἦ

237 1103 383 1182 currerit,
407 1103 446 1168 ad
463 1102 522 1169 hoc
538 1126 637 1169 unum
660 1103 765 1169 refer:
789 1104 901 1183 celum,
925 1110 1012 1170 terre
1034 1109 1067 1170 et
1089 1105 1190 1170 maria
1212 1109 1393 1180 mutentur,
1491 1107 1492 1120 ¹

238 1208 313 1292 quid
336 1207 579 1292 fragilissimum
602 1211 723 1276 animal
744 1231 856 1294 parare
872 1214 1002 1293 potest?
1033 1209 1114 1276 Ceos
1130 1209 1296 1274 hominum
1315 1209 1392 1288 vita,

236 1313 473 1397 quantumlibet
494 1316 700 1400 expendatur,
725 1316 786 1381 diei
813 1317 907 1380 unius
930 1317 1033 1381 instar
1057 1317 1155 1380 habet
1175 1315 1231 1381 rix
1253 1315 1389 1400 integri,

237 1422 361 1484 etcum
386 1419 453 1500 hec,
476 1425 513 1486 ut
534 1422 675 1506 promisi,
700 1423 732 1486 in
757 1427 897 1487 mentem
923 1422 1151 1500 descenderint,
1175 1419 1314 1485 humiles
1329 1420 1391 1485 deo

236 1525 359 1608 grecias
382 1546 452 1611 age,
475 1527 530 1610 qui
553 1530 618 1591 tem
636 1533 668 1591 te
683 1527 876 1592 salutmibus
892 1527 1022 1593 habenis
1045 1526 1170 1591 frenare
1184 1525 1391 1610 stimulisque
1492 1607 1493 1618 ἵ

237 1633 304 1694 tam
319 1632 539 1715 pungentibus
556 1631 730 1698 sollicitare
747 1633 906 1717 dignatur.
933 1631 995 1697 Vix
1009 1633 1093 1696 enim
1109 1630 1261 1714 possibile
1277 1628 1392 1708 fuerit,
1492 1639 1493 1642 ’

237 1737 274 1798 ut
296 1755 391 1820 quem
425 1737 581 1821 cogitacio
614 1740 726 1804 mortis
750 1738 846 1804 habet
869 1742 933 1803 tem
956 1737 1147 1814 cottidiana,
1179 1742 1244 1801 tam
1283 1735 1390 1800 brasis

238 1837 323 1904 hunc
346 1862 431 1906 mors
455 1847 564 1907 eterne
587 1843 748 1927 contingit
763 1842 784 1909 ¹.
826 1841 919 1909 Nunc
935 1865 1019 1923 vero,
1043 1841 1192 1927 quoniam
1217 1839 1307 1905 sedes
1329 1861 1390 1904 no-

235 1950 302 2009 stra
325 1946 427 2010 celum
451 1951 507 2027 est,
531 1949 628 2014 michi
652 1953 757 2014 nutem
782 1949 921 2014 nondum
937 1953 1064 2014 terrena
1082 1946 1195 2012 finitur
1211 1945 1386 2023 habitacio,

237 2071 297 2134 que
320 2072 469 2136 quorsum
494 2053 648 2120 durature
671 2055 724 2134 sit,
747 2055 853 2120 nescio
875 2055 956 2120 etin
980 2054 1040 2120 hoo
1055 2052 1178 2138 pendeo
1201 2051 1323 2129 anxius,
1348 2055 1387 2115 ut

236 2155 330 2235 vides,
354 2157 494 2234 obsecro,
519 2181 559 2224 ne
579 2182 631 2226 me
648 2160 723 2226 licet
747 2161 872 2245 magnis
895 2161 1129 2244 distantemque
1151 2158 1309 2222 tractibus
1330 2157 1388 2222 de-
1493 2211 1494 2238 ,

235 2283 330 2342 seras,
354 2263 406 2328 sed
430 2266 631 2331 oracionibus
653 2267 718 2331 tuis
741 2267 862 2332 devotis
885 2288 963 2352 erga
985 2266 1078 2331 deum
1094 2262 1386 2330 recommendatum
1493 2249 1494 2252 ¹

237 2367 351 2432 habeas
375 2369 490 2435 obnixe
514 2391 605 2455 rogo,
630 2372 698 2437 sine
721 2373 810 2438 cuius
833 2373 942 2456 gracia
964 2372 1031 2436 vita
1062 2391 1130 2434 mea
1158 2369 1306 2434 inemena
1328 2373 1390 2446 est,

235 2471 304 2537 sine
327 2472 386 2538 hac
409 2476 508 2541 eciam
532 2476 621 2541 nulla
644 2477 736 2546 foret.
794 2475 826 2542 Si
851 2476 928 2562 quid
959 2497 1036 2560 ergo
1060 2497 1098 2540 ex
1121 2497 1171 2540 me
1194 2480 1323 2560 gratum
1348 2495 1387 2538 ex

235 2577 285 2641 his
308 2579 354 2644 sic
377 2580 516 2647 breviter
539 2583 676 2648 exaratis
698 2583 858 2667 accepisti,
881 2603 921 2647 ne
943 2582 1061 2647 desidie
1074 2601 1215 2646 marcere
1239 2580 1386 2664 pociaris,

235 2682 260 2746 si
286 2683 362 2768 quid
385 2691 490 2751 autem
514 2690 668 2772 asperius,
692 2711 732 2754 ne
754 2689 887 2754 moleste
918 2687 1003 2753 ieras
1022 2709 1089 2753 oro.
1143 2684 1226 2751 Vale
1249 2685 1389 2750 feliciter

235 2790 267 2852 et
284 2785 429 2856 Christus
452 2797 484 2856 te
499 2793 700 2873 incolumem,
723 2792 827 2879 legem
844 2794 957 2878 deique
977 2793 1147 2858 veritatem
1164 2797 1327 2858 amantem
1350 2793 1385 2857 in

235 2893 408 2960 multarum
433 2897 613 2964 animarum
635 2899 771 2964 salutem
795 2899 953 2964 custodiat
969 2903 1001 2964 et
1023 2902 1097 2983 post
1112 2898 1178 2962 rite
1200 2919 1329 2963 cursum
1346 2899 1387 2963 ad

235 3021 341 3065 veram
357 3007 561 3088 eternamque
577 3003 805 3069 beatitudinem
823 3005 988 3087 pervenire
1004 3003 1164 3083 concedat,
1187 3003 1271 3088 quod
1296 3003 1389 3068 nobis

235 3109 377 3188 prestare
393 3109 544 3193 dignetur
567 3111 643 3177 deus
666 3111 699 3174 in
724 3109 830 3174 secula
851 3110 1043 3176 benedictus.
1091 3108 1204 3174 Amen.

705 3269 913 3279 ——-—

234 3541 428 3615 Hermann
461 3545 615 3622 Schedel
643 3574 689 3622 an
711 3428 940 3647 [Sigisirirund
962 3551 1233 3648 Gossembrot}
1264 3551 1385 3646 Auge-

598 3673 694 3770 burg
727 3673 823 3748 1465
863 3697 950 3769 aug.
982 3675 1017 3748 3.

590 3827 653 3882 clm.
672 3827 723 3882 224
743 3829 761 3882 r.
781 3829 840 3885 ner.
878 3827 1000 3897 concept
1009 3827 1027 3883 ².

233 3943 486 4014 'Prostbrief
529 3952 631 4016 beim
667 3954 765 4019 tode
806 3955 875 4019 des
911 3950 1061 4018 Ulrieh
1100 3952 1385 4022 Gessembrot

801 4065 818 4104 ‘t

233 4140 377 4282 {iccium
395 4161 445 4199 eus
472 4144 617 4210 Petrerca,
646 4147 685 4202 lle
713 4150 818 4203 secreto
843 4145 971 4202 conflictu
1002 4161 1133 4199 curarum
1161 4160 1276 4200 suarum
1305 4145 1385 4218 [Opp.

303 4229 460 4387 l](loncept
479 4318 582 4388 richtig
600 4319 766 4389 contingnt;
787 4321 843 4390 vgl.
863 4321 996 4378 Petrarcn
1015 4321 1032 4374 l.
1051 4337 1075 4375 o.
1093 4321 1154 4375 381.
1254 4322 1272 4375 2
1291 4321 1384 4379 Erster

232 4403 356 4457 entwurf
371 4403 439 4459 ibid.
458 4405 476 4459 f.
495 4405 555 4464 274.
592 4407 770 4464 Gossembrct
786 4408 824 4462 ist
844 4409 874 4463 in
885 4407 1052 4477 Strassburg
1069 4425 1134 4466 ew.
1145 4425 1173 4463 u.
1193 4409 1383 4466 nudWatten·

232 4491 303 4548 bech
321 4491 338 4547 i.
358 4491 384 4548 d.
404 4493 533 4548 Ztschrlt
552 4495 571 4550 f.
590 4496 621 4550 G.
641 4496 667 4550 d.
686 4495 853 4554 Obarrheina
871 4495 959 4558 XXV,
979 4499 1012 4552 57
1032 4496 1059 4552 ff.
