2990 5068
606 409 665 477 121

62 586 136 650 ideo·
150 587 237 652 varie
261 587 365 674 diligo
388 592 421 653 et
443 587 629 654 commendo
651 587 836 672 religionem
867 586 1014 652 mundam
1041 592 1073 652 et
1099 587 1212 653 imma·

61 691 193 757 culstam
217 694 252 757 in
279 692 383 758 aliena
406 695 512 760 tamen
535 713 680 777 persona.
728 693 878 759 Retrahit
901 693 942 758 ab
968 691 1117 778 ingressu
1139 693 1213 759 reli·

61 797 161 882 giouis
186 798 355 885 inexperte
379 799 443 864 vite
471 799 636 883 asperitas,
661 801 749 884 rigor
771 799 909 878 ordinis,
945 799 996 863 lex
1019 799 1210 877 obediencie,

61 903 236 970 solitudinis
260 911 367 970 terror
391 911 423 969 et
445 927 503 989 pre
527 905 673 970 omnibus
697 905 867 970 austeritas
892 902 1070 986 discipline.
1110 902 1213 968 Grave

62 1008 167 1094 utique
183 1015 243 1088 est,
260 1010 368 1076 alieno
383 1009 519 1074 arbitrio
539 1031 628 1074 suam
642 1009 784 1076 subicere
799 1008 996 1075 voluntatem
1011 1057 1018 1072 .
1036 1058 1042 1072 .
1060 1056 1067 1072 .
1082 1005 1118 1095 [f.
1128 1007 1210 1095 252]

66 1110 164 1178 Veror
186 1115 341 1200 angustia
363 1118 396 1179 et
417 1115 544 1180 crucior
566 1113 728 1180 doloribus
750 1115 838 1180 intus
861 1119 893 1180 et
916 1118 1023 1192 extra,
1053 1117 1085 1178 et
1109 1112 1211 1178 lactus

26 1277 31 1294 ,
63 1237 127 1281 sum
150 1221 283 1303 penitus
305 1220 470 1306 inquietus
485 1225 518 1285 et
539 1242 603 1286 non
625 1223 753 1305 appeto,
777 1219 899 1285 lumina
915 1219 1061 1284 claudere
1083 1219 1116 1283 iu
1140 1219 1213 1284 dor·

64 1321 202 1390 miciouis
226 1330 381 1392 consueta
404 1327 525 1412 requie,
556 1331 589 1392 et
611 1331 647 1392 ut
677 1327 781 1392 verbis
803 1325 867 1392 Job
894 1348 921 1391 c.
949 1326 1002 1392 vii.
1034 1329 1120 1390 utar:
1161 1323 1215 1390 »si

63 1427 223 1513 dormiero,
248 1433 329 1512 dico,
353 1452 517 1517 resurgam
540 1437 573 1497 et
597 1454 705 1498 rursus
729 1433 902 1516 expectabo
927 1452 1087 1515 vesperas,
1111 1429 1214 1513 reple-

67 1533 178 1620 borque
200 1536 367 1602 doloribus
397 1558 497 1623 usque
525 1538 564 1603 ad
587 1537 767 1604 tenebras«
824 1539 922 1603 Adest
953 1535 1142 1601 venerabilis
1165 1556 1213 1599 se·

66 1643 168 1705 uectus
191 1646 225 1708 et
249 1643 331 1708 hora
355 1648 403 1708 est
419 1644 493 1724 iam,
517 1665 566 1708 me
589 1643 627 1708 de
649 1665 783 1729 sompno
805 1663 944 1728 surgere.
991 1639 1139 1707 Incanuit
1162 1661 1213 1706 ca·

65 1749 127 1826 put,
148 1747 295 1833 caligant
317 1749 425 1826 oculi,
459 1750 577 1815 cadunt
600 1751 732 1828 dentes,
754 1750 866 1834 lingua
889 1747 1047 1826 balbutit,
1071 1749 1215 1811 tremunt

68 1871 180 1931 manus,
205 1855 314 1920 vicina
328 1861 376 1921 est
390 1876 486 1920 mors.
534 1855 613 1930 doh,
637 1856 681 1920 mi
700 1855 811 1936 irater,
833 1855 905 1940 quis
923 1855 1029 1936 potest
1050 1851 1109 1918 bec
1134 1853 1212 1935 aput

66 1973 103 2029 ὅθ,
125 1959 296 2038 presertim
318 1960 421 2024 noctis
443 1958 583 2038 silencio,
607 1960 698 2026 siccis
720 1959 821 2026 oculis
843 1959 1011 2044 cogitaret

147 2059 229 2138 Quid
254 2064 358 2148 igilur
378 2064 494 2129 faciam
518 2069 574 2131 aut
590 2087 687 2151 quam
702 2071 826 2149 partem
842 2065 985 2149 eligam?
1019 2059 1114 2126 Certe
1138 2081 1214 2126 oon·

68 2169 180 2231 vertam
204 2191 256 2235 me
292 2190 423 2254 prorsus
445 2169 486 2235 ad
508 2170 686 2250 dominum,
715 2171 854 2236 clamans
874 2190 945 2236 cum
970 2165 1091 2232 David:
1133 2164 1214 2230 ›Mi-

69 2287 163 2334 serars
186 2276 260 2354 mei,
286 2274 374 2354 deus,
404 2275 575 2342 secundum
600 2296 748 2356 magnam
772 2273 1021 2340 misericordiam
1047 2277 1153 2336 tuam«
1183 2274 1216 2334 et

71 2371 98 2435 iu
119 2377 223 2444 seculo
262 2402 396 2464 nequam
433 2379 553 2446 solvam
581 2381 694 2446 mortis
725 2381 893 2446 tributum.
942 2375 1106 2442 Uberioris
1130 2376 1214 2440 euim

72 2480 168 2558 gracie
189 2488 248 2564 est,
272 2487 357 2550 inter
380 2487 539 2554 seculares
562 2507 628 2552 esse
650 2487 798 2551 devotum
831 2507 885 2552 seu
909 2482 1104 2568 religiosum,
1128 2482 1213 2546 inter

72 2580 176 2666 impio,
199 2609 268 2654 esse
290 2589 410 2658 iustum
424 2644 430 2656 .
444 2645 451 2660 .
463 2639 471 2656 .
482 2643 504 2661 ..
517 2645 525 2660 .
593 2589 631 2678 [f.
650 2589 741 2675 252⁵]
753 2642 758 2654 .
828 2588 940 2654 Frater
963 2590 1007 2654 mi
1030 2587 1211 2673 predilecte,

74 2685 178 2770 videas,
200 2713 243 2756 ue
265 2713 369 2757 sermo
391 2693 482 2761 illea
504 2717 554 2762 me
570 2693 673 2760 factus
689 2695 781 2760 cadat
796 2696 829 2758 in
851 2699 968 2758 terram
984 2697 1017 2758 et
1031 2694 1211 2756 revertatur

73 2791 106 2854 ed
127 2815 173 2860 me
195 2817 323 2864 vacuus.
371 2797 551 2879 Providens,
574 2799 599 2863 si
623 2799 726 2864 ocium
750 2803 807 2863 aut
828 2798 980 2864 saturitas
1003 2803 1035 2863 te
1058 2797 1096 2862 de
1120 2818 1212 2880 pura·

74 2892 133 2961 <lieo
155 2900 293 2984 expulit,
324 2906 407 2987 quod
440 2905 558 2972 esuries
581 2909 615 2970 et
638 2904 836 2970 abstinencia
859 2911 890 2970 ts
914 2905 1075 2970 reducant.
1121 2901 1211 2980 Quod

74 3020 127 3085 ego
147 3026 228 3082 sum,
254 3011 290 3073 tu
312 3010 374 3074 eris
395 3017 452 3077 aut
469 3013 502 3076 in
518 3015 607 3076 sexta
624 3010 776 3076 tuebere
791 3009 934 3075 morieris
945 3058 1055 3075 ......
1074 3005 1107 3074 Si
1124 3005 1213 3071 luisti

76 3099 208 3198 [1258]
234 3113 265 3176 iu
288 3114 397 3195 scolis,
430 3138 535 3182 nonne
568 3122 657 3182 extra
680 3117 847 3182 caritatem
870 3113 1068 3180 vociferasti:
1112 3111 1213 3177 »Amo

76 3207 157 3278 dores
171 3224 205 3283 et
221 3239 346 3283 amores
361 3225 394 3285 st
403 3222 513 3286 estatis
530 3227 684 3304 tempora,
702 3221 778 3287 Colo
795 3225 933 3300 cantum,
950 3220 1087 3302 dampno
1102 3217 1213 3301 planc-

77 3317 135 3382 tum
155 3327 186 3387 et
221 3345 340 3389 annosa
374 3331 527 3412 tempora.
573 3325 684 3392 Placet
708 3327 788 3391 risus
811 3330 908 3412 atque
932 3325 1036 3388 visus<
1066 3327 1125 3388 etc.
1180 3320 1213 3387 si

78 3423 155 3488 ssim
175 3427 299 3508 scolas,
323 3452 428 3497 nonne
451 3453 582 3498 munera
604 3432 746 3497 dilexisti
769 3437 802 3496 et
824 3451 950 3515 semper
980 3427 1110 3492 titulum
1135 3449 1213 3510 pau·

80 3533 199 3604 pertalis
232 3533 407 3618 gloriosum
437 3536 560 3602 odisti?
577 3585 686 3603 .....
711 3536 760 3602 Tu
788 3558 820 3601 es
850 3536 952 3602 adbuc
976 3534 1092 3600 arundo
1115 3532 1214 3611 utilis,

81 3633 143 3711 quia
163 3639 302 3721 prudeus
325 3641 465 3726 ingenio,
488 3643 522 3706 in
546 3641 687 3707 consiliis
709 3641 868 3725 providus,
891 3642 925 3704 in
942 3661 1087 3705 sermone
1109 3659 1214 3716 verax,

80 3733 168 3806 clarus
198 3743 347 3830 eloquio,
382 3746 413 3811 in
452 3745 560 3811 officio
590 3746 753 3812 advocacie
780 3749 812 3809 et
845 3745 1011 3810 scolastico
1043 3743 1215 3808 certamine

82 3837 256 3913 fortunatus.
315 3849 369 3933 Hij
401 3855 497 3928 suut,
533 3851 588 3934 qui
620 3851 761 3915 rendunt
793 3850 917 3927 oleum,
947 3847 1133 3914 osculantur
1155 3848 1214 3912 tibi

82 3965 178 4018 manus
201 3959 233 4018 et
256 3976 310 4021 ore
344 3957 473 4040 vipereo
496 3955 678 4022 detrabunt.
732 3954 871 4038 Tempus
894 3959 962 4031 est,
995 3959 1031 4018 ut
1055 3953 1215 4017 honestio-

83 4051 154 4122 ribm
175 4059 291 4125 studiis
315 4065 347 4124 te
369 4061 551 4146 impendas,
583 4081 645 4125 nou
671 4061 809 4145 pasceris
831 4059 970 4144 amplius
993 4056 1118 4141 siliquis
1140 4076 1214 4140 por·

82 4175 173 4228 borum
198 4185 269 4229 cum
293 4167 407 4231 ceteris
430 4167 610 4232 mundanis.
657 4165 832 4249 Relinquas
849 4164 909 4230 lroc
931 4163 1066 4247 pelagus
1090 4160 1214 4246 iuquie-

84 4261 137 4329 lum
158 4273 191 4333 et
204 4269 303 4334 eciam
319 4273 423 4336 curies
439 4271 630 4355 principum.
667 4269 749 4335 Num
767 4271 849 4334 sicut
863 4291 922 4352 per
937 4266 1054 4331 multas
1071 4263 1107 4352 [f.
1125 4263 1214 4353 253³]

84 4367 292 4440 tribulaciones
324 4375 400 4441 iusti
423 4377 548 4442 intrent
570 4375 620 4442 dei
643 4374 798 4461 gloriam,
831 4379 866 4440 ut
902 4371 983 4438 dixit
1006 4371 1116 4436 doctor
1138 4393 1215 4456 geu·

84 4471 162 4558 tium,
183 4480 228 4545 sic
251 4479 385 4546 cumules
408 4487 441 4546 et
463 4481 607 4548 advooeti
631 4481 825 4547 eruciatibus
844 4478 955 4545 multis
971 4476 1136 4563 acquirere
1154 4475 1215 4541 sibi
