2990 5068
620 452 681 516 133

160 623 305 690 Primum
339 631 376 689 ut
406 626 571 691 illecebras
603 625 696 690 buius
728 625 835 690 mundi
870 624 1030 710 expellere
1054 626 1226 705 valeamus,

67 729 214 796 hortaris
235 753 342 798 amore
364 733 543 798 divinarum
566 755 671 799 rerum
696 733 777 797 vicia
798 755 958 818 superare,
983 733 1051 798 ocia
1077 754 1226 816 spernere

66 841 127 900 etc.
176 835 348 904 Carissimo
371 837 481 917 frater,
505 840 580 924 quid
605 840 636 903 ni
660 838 797 904 delectet
827 861 863 905 ac
887 839 1037 923 placeat?
1075 837 1131 903 Nil
1154 859 1225 903 sen-

66 942 256 1018 tenciosius,
267 943 314 1008 nil
323 944 437 1010 verius.
454 941 630 1009 lneffabilis
641 944 677 1030 [f.
684 941 776 1032 261⁵]
785 945 834 1009 dei
845 944 1017 1010 clemencia
1025 945 1059 1008 in
1073 944 1158 1008 bunc
1170 965 1227 1009 nos

68 1047 230 1113 mundum
253 1048 429 1129 collocavit,
454 1054 490 1115 ut
513 1051 629 1116 bonum
646 1069 814 1134 operemur
830 1052 862 1114 et
879 1072 941 1115 non
955 1049 1107 1115 ociemur.
1147 1047 1225 1114 Ocio

66 1153 153 1218 enim
178 1154 316 1238 quadam
340 1155 429 1239 turpi
453 1155 600 1240 rubigine
624 1176 673 1221 res
696 1157 795 1220 eciam
818 1154 902 1220 clare
924 1155 1110 1234 fuscantur,
1136 1175 1225 1219 excr-

66 1256 146 1322 cicio
180 1259 350 1324 tenebrose
373 1260 560 1325 clarescunt.
606 1257 717 1326 Ouium
741 1261 839 1324 scium
867 1256 933 1347 [ad]
958 1258 1107 1324 libidines
1130 1262 1164 1324 et
1186 1259 1225 1323 ad

66 1383 195 1428 omnem
206 1365 612 1449 intemperanciampronos
621 1364 729 1430 elficit.
754 1365 961 1450 eraqnidem
976 1365 1226 1448 intemperanois

67 1491 129 1532 una
147 1489 223 1533 curn
241 1473 462 1552 corporevires
474 1470 577 1535 anime
592 1469 755 1555 sepissime
771 1469 905 1554 periere.
931 1468 1127 1535 Fructiosior
1141 1469 1225 1533 enim

70 1571 214 1639 humano
228 1575 338 1660 generi
349 1575 473 1641 ritaest
485 1575 523 1640 ad
534 1575 715 1641 claritatem
727 1573 1033 1661 amplitudinemque
1042 1573 1226 1659 optabilior,

68 1699 128 1762 qne
151 1679 193 1744 ad
228 1701 277 1743 res
299 1681 452 1764 gerendas
479 1681 680 1747 accomodata
702 1686 759 1745 est.
806 1679 911 1745 Labor
945 1681 1028 1745 enim
1056 1698 1226 1763 generosos

68 1783 192 1848 animos
209 1786 323 1850 nutrit.
370 1785 471 1852 David
484 1785 635 1871 quamdiu
653 1786 794 1851 exercuit
810 1785 895 1850 bella
914 1784 1043 1866 domini,
1060 1786 1225 1850 continens

69 1887 141 1968 luit,
165 1894 312 1974 tempora
336 1912 411 1957 vero
426 1891 485 1976 ooij
505 1891 697 1957 adulterium
721 1891 890 1957 commisit.
939 1888 1087 1956 Salomon
1112 1911 1223 1974 quam·

67 1993 121 2057 diu
142 2001 320 2078 occupatus
342 1997 426 2061 circa
448 1995 562 2080 templi
578 1994 731 2062 lubricam
749 1993 821 2076 luit,
846 2017 952 2062 amore
973 1994 1144 2061 libidinoso
1159 2015 1223 2060 uon

69 2097 132 2163 fnit
155 2098 348 2180 infatuatus,
374 2102 456 2168 sicut
479 2105 648 2187 postquam
672 2101 775 2166 lactus
791 2106 839 2166 est
856 2101 987 2167 ociosus.
1036 2098 1224 2166 ,iocunditas

69 2203 251 2285 spiritualis
285 2227 343 2290 per
365 2207 470 2272 ocium
494 2207 705 2289 extinguitur,
729 2229 766 2271 ex
789 2205 1011 2271 habundancia
1036 2203 1223 2293 [in]tempe-

70 2309 290 2398 runoia[que]¹
318 2312 380 2377 cibi
403 2319 435 2378 et
458 2319 563 2397 potus,
588 2334 649 2398 que
672 2319 747 2377 aunt
769 2312 900 2378 comitas
923 2311 995 2395 ooij,
1018 2310 1077 2376 hec
1101 2313 1135 2375 et
1156 2309 1222 2374 lor-

68 2413 148 2478 sitan
172 2417 298 2482 maiora
320 2425 515 2503 generantur
536 2418 626 2484 vicia.
675 2417 713 2482 In
730 2418 860 2484 modicis
876 2418 956 2483 escis
972 2422 1057 2483 certa
1085 2421 1118 2481 et
1133 2414 1224 2481 nulla

69 2522 255 2586 mortalium
299 2521 432 2588 solercia
463 2523 641 2606 preparatis
675 2522 812 2606 simplex
850 2525 1055 2588 contentatur
1098 2523 1222 2600 natura,

71 2626 150 2707 quod
176 2627 276 2690 eciam
300 2626 419 2712 absque
442 2628 557 2692 rubore
579 2626 763 2693 mortalium
786 2631 854 2692 etas
876 2648 972 2692 aurea
994 2626 1054 2691 sub
1083 2624 1222 2691 Saturno

71 2733 221 2811 testatur,
244 2752 315 2796 cum
338 2732 380 2796 ob
403 2731 572 2798 sedandam
590 2731 708 2797 famem
731 2732 882 2818 sitimque
903 2731 1065 2798 suffecisse
1090 2730 1222 2817 glandes

72 2839 101 2898 et
123 2837 248 2902 mvulos
271 2839 393 2902 veteres
415 2838 574 2903 tradidere
597 2842 630 2903 et
652 2836 749 2923 longe
765 2837 883 2902 clarius
898 2836 1143 2923 gloriosissimus
1162 2835 1221 2901 Jo-

71 2939 191 3007 bannes
214 2941 428 3008 sanctificatus
451 2943 483 3007 in
509 2947 609 3022 utero,
633 2964 727 3029 quem
742 2945 775 3007 in
792 2942 912 3027 asperis
928 2941 1125 3028 desertisque
1143 2941 1221 3006 locis

71 3047 207 3112 amello
229 3051 262 3112 et
285 3047 406 3113 locusta
421 3048 559 3133 legimus
575 3049 752 3128 educatum,
775 3069 910 3133 quorum
935 3048 1080 3112 ciborum
1105 3043 1220 3132 [loco]¹

73 3153 134 3215 etas
149 3151 259 3216 iunior
270 3156 366 3237 atque
381 3152 591 3241 lasciv[i]ens¹
609 3175 671 3219 non
684 3153 786 3219 solum
804 3151 1023 3219 innocencium
1035 3149 1219 3215 animalium

73 3275 188 3338 carnes,
212 3262 245 3322 et
267 3257 341 3323 rina
362 3263 476 3342 sponte
491 3281 549 3325 sua
563 3259 729 3325 uascencia
744 3259 916 3335 adinvenit,
941 3279 1049 3321 verum
1066 3256 1134 3320 uice
1158 3255 1220 3319 mi·

74 3361 238 3426 nistrantis
262 3367 373 3428 nature
395 3365 627 3448 superinduxit.
673 3363 856 3449 sagacitate
884 3361 1082 3449 quorundam
1105 3363 1144 3426 ad
1163 3363 1220 3426 in-

74 3466 233 3532 citandum
248 3469 429 3552 appetitum
445 3471 658 3555 quiescentem
682 3473 918 3554 componuntur
934 3467 1038 3532 edulia
1063 3471 1096 3531 et
1121 3467 1221 3532 succis

75 3573 185 3636 exteris
200 3572 276 3637 vina
294 3573 477 3653 miscentur,
501 3579 534 3639 et
550 3574 673 3640 utinam
689 3573 850 3640 sufficeret
874 3574 912 3638 ad
935 3573 1118 3638 sacietatem
1142 3572 1220 3637 talia

75 3675 236 3756 invenisse,
259 3679 298 3744 ad
321 3679 476 3744 ulteriora
497 3701 624 3746 voraces
640 3679 921 3764 transgrediuntur
938 3677 1080 3762 plurimi,
1108 3675 1218 3741 nolen-

75 3785 115 3844 tes
129 3784 304 3862 advertere,
323 3784 437 3868 quibus
449 3785 541 3868 vicijs
553 3787 591 3852 ad
608 3785 783 3871 ingluviem
801 3784 933 3849 nimiam
951 3783 1065 3847 mentis
1081 3780 1221 3846 claustra

77 3893 260 3969 reserantur,
267 3893 300 3954 ct
310 3895 388 3974 quot
400 3892 525 3975 corpori
534 3891 729 3975 egritudines
737 3890 772 3976 [f.
785 3887 860 3978 262]
872 3889 1009 3955 maxime
1020 3887 1217 3972 ingerantur.

77 3987 161 4057 llulti
183 3993 271 4058 euim
289 3993 411 4058 onustis
430 3994 569 4060 insident
585 3995 709 4074 mensis,
734 3994 826 4059 avide
841 3996 930 4059 varia
945 3995 1086 4059 ciborum
1102 4012 1220 4075 genera

77 4097 370 4183 lmusglaucientes²
383 4123 419 4164 ao
433 4100 545 4166 calices
558 4101 796 4166 fecundissimos
808 4098 1031 4177 exhauriendo,
1045 4118 1107 4160 non
1120 4097 1158 4160 ad
1170 4115 1218 4159 se-

75 4201 200 4270 dandam
212 4209 325 4269 nature
334 4207 598 4288 oportunitatem,
615 4207 668 4272 sed
681 4206 719 4270 ad
736 4204 1011 4288 contemplandam
1030 4199 1218 4283 amplissimi

634 4361 652 4400 ᾳ

93 4531 99 4582 1
137 4449 148 4502 l
171 4445 342 4516 Erganaung
361 4446 432 4503 nach
450 4445 513 4501 dem
532 4452 655 4520 concept.
768 4447 846 4502 2lm
864 4447 980 4520 concept
1000 4443 1104 4514 ricbtig
1124 4448 1217 4500 trans·

77 4534 231 4596 gucientes.
