2990 5068
774 400 837 464 118

230 597 354 642 omnem
370 579 566 659 peccatorem
591 573 771 640 venientem
793 574 909 660 recipit
924 581 957 640 et
972 576 1150 662 indulget«,
1175 595 1287 640 verum
1313 575 1391 661 qui·

231 683 303 746 dem
326 701 392 745 esse
415 681 579 746 confiteor.
626 677 718 744 Dixit
739 680 850 745 beatus
874 680 1068 764 ieronimus,
1091 686 1127 747 ut
1151 683 1188 748 de
1211 701 1248 746 eo
1270 681 1393 746 scribit

205 791 206 796 ’
233 789 344 852 beatus
368 785 532 865 Eusebius,
556 785 696 850 scribens
725 786 763 850 de
787 791 889 853 morte
911 787 1050 853 eiusdem
1075 787 1160 852 beati
1182 785 1341 852 Jerouimi
1360 785 1391 850 ¹:

234 889 429 976 ›Benignior
445 894 492 954 est
509 889 594 970 deus,
618 911 712 974 quem
737 889 885 968 creditur,
909 896 941 956 et
964 893 1135 978 uuicuique
1156 892 1263 977 parcit
1284 891 1325 956 ad
1340 911 1389 968 se,

231 1001 268 1061 ut
290 996 451 1074 condecet,
474 995 647 1062 redeunti«
689 992 807 1060 Nonne
823 996 1069 1083 benignissimus
1081 1002 1130 1062 est
1148 997 1305 1076 domiuus,
1330 995 1390 1079 qui

231 1106 282 1168 tot
304 1105 336 1166 et
359 1105 466 1166 tantas
491 1099 621 1165 tollerat
641 1099 812 1164 iniuriosa
835 1102 1064 1185 peccatoribus,
1087 1102 1165 1166 dens
1184 1098 1223 1184 [f.
1241 1097 1324 1186 247]
1341 1101 1392 1163 eis

231 1207 385 1292 temporie
400 1205 552 1289 specium,
575 1209 612 1269 ut
634 1205 868 1271 emendentur?
886 1255 995 1273 .....
1020 1205 1113 1272 Disce
1135 1207 1248 1292 igitur,
1271 1204 1391 1270 hume·

232 1312 361 1377 nissime
384 1310 503 1388 frater,
538 1299 664 1376 caucius
687 1311 870 1396 negociari,
901 1335 940 1377 ns
974 1317 1050 1378 tunc
1077 1312 1220 1398 penitere
1242 1310 1392 1395 incipias,

233 1418 358 1504 quaudo
389 1437 453 1481 non
476 1416 540 1481 erit
562 1415 759 1500 penitudinis
782 1417 879 1482 locus.
926 1416 1045 1503 Surge,
1076 1419 1131 1503 qui
1155 1416 1290 1494 dormis,
1321 1417 1387 1480 iam

232 1523 312 1588 bora
334 1526 399 1600 est,
435 1521 474 1586 de
506 1541 618 1587 somno
640 1542 771 1606 surgere
794 1525 826 1588 st
849 1523 984 1608 vigilare
1005 1545 1101 1608 super
1124 1543 1259 1608 regnum
1281 1525 1389 1599 tuum,

233 1627 333 1692 idest
355 1626 494 1691 animum
523 1631 632 1704 tuam,
666 1649 727 1712 que
750 1627 867 1693 dicitur
890 1650 1034 1712 regnum.
1089 1625 1178 1694 Unde
1207 1627 1390 1692 &ruaudus

233 1730 491 1817 supermissus(‘?)
514 1735 577 1797 est:
622 1732 724 1798 »Veni
749 1733 875 1799 domine
897 1733 1008 1813 dhesu,
1031 1732 1121 1798 aufer
1142 1730 1327 1798 scandalum
1350 1733 1391 1795 de

233 1857 332 1923 regno
356 1841 421 1916 tuo,
444 1837 528 1922 quod
560 1841 608 1902 est
631 1839 738 1904 anime
769 1861 853 1919 mea,
885 1844 921 1904 ut
945 1859 1059 1924 regnes
1082 1843 1127 1916 tu,
1152 1837 1207 1922 qui
1231 1836 1328 1902 debes
1350 1837 1385 1900 in

233 1965 271 2008 es
293 1963 445 2028 regnare«
472 1947 530 2009 eto.
579 1943 625 2010 De
649 1945 709 2010 hoc
732 1942 814 2029 μοι’
836 1943 990 2010 Alvarum
1013 1945 1052 2010 de
1074 1943 1206 2027 planctu
1229 1940 1388 2008 ecclesie⁸

233 2051 326 2134 perte
347 2047 452 2132 prime
474 2047 610 2115 articulo
634 2049 686 2114 62.

320 2153 402 2233 Seio,
417 2154 501 2239 quod
517 2155 632 2220 sciolus
647 2176 689 2235 es,
704 2157 758 2220 sed
773 2155 930 2220 modicum
948 2151 1083 2242 [netu]
1100 2153 1138 2218 de
1155 2151 1281 2216 mistica
1293 2151 1385 2216 theo·

233 2259 320 2344 logia
343 2263 448 2325 tecum
471 2259 509 2324 de
532 2260 626 2326 scolis
649 2260 789 2326 attulisti
815 2283 871 2326 neo
894 2265 985 2325 extra
1007 2258 1214 2345 acquisivisti.
1264 2259 1388 2322 Aurum
1492 2287 1493 2308 ι

235 2371 339 2430 tamen
368 2365 538 2449 prudencie
561 2373 594 2432 et
616 2371 787 2451 argentum
810 2365 994 2452 eloquencie
1018 2365 1143 2449 copiose
1164 2362 1304 2429 contulit
1326 2362 1388 2426 tibi

234 2470 319 2549 deus,
342 2470 395 2535 sed
418 2470 481 2535 ista
504 2471 669 2558 hucusque
692 2474 725 2536 in
742 2474 900 2538 vanitates
913 2476 946 2536 et
959 2473 993 2536 in
1009 2469 1147 2536 insanias
1169 2468 1267 2534 falses
1293 2467 1389 2533 huius

235 2577 334 2642 seculi
351 2575 545 2641 convertisti.
578 2576 695 2642 Verum
709 2599 771 2642 non
789 2578 920 2642 extimes
933 2576 956 2656 ⁴,
979 2582 1012 2642 te
1034 2575 1220 2640 habiturum
1243 2573 1387 2637 divinum

235 2681 383 2765 spiritum
408 2685 441 2745 et
463 2679 552 2745 illam
577 2688 720 2747 sanctam
744 2683 903 2748 misticsm
927 2681 1140 2765 theologiam,
1171 2679 1272 2744 donec
1293 2679 1388 2743 droco

236 2783 391 2872 Moysi[s]
422 2787 551 2851 devoret
578 2787 729 2853 dracones
752 2788 936 2867 Pharaonis,
959 2789 1056 2852 donec
1080 2785 1217 2850 sciencia
1242 2783 1388 2849 caritatis

235 2896 368 2957 evacuat
389 2891 559 2957 scienciam
582 2892 748 2972 vanitatis,
780 2899 815 2958 ut
846 2894 932 2958 infra
954 2893 1086 2958 dicetur.
1133 2889 1278 2955 Scieucie
1299 2889 1385 2953 enim

236 3003 292 3061 tua
313 3017 351 3061 ac
373 2996 557 3083 eloquencia
579 2999 672 3065 bodie
704 3001 839 3066 tendunt
868 3005 959 3065 extra
985 2999 1130 3065 semitam
1161 2997 1239 3062 recti
1264 2994 1389 3061 itineris

236 3104 275 3168 ad
306 3104 425 3166 terrem
459 3104 590 3170 rubeam
623 3112 656 3170 et
686 3127 794 3171 versus
820 3105 1029 3171 Babiloniam.
1080 3103 1141 3168 Sed
1171 3100 1228 3166 ills
1252 3107 1388 3166 nonest

236 3207 362 3273 debitus
384 3207 456 3272 finis
472 3210 580 3292 studij,
604 3233 676 3276 oum
699 3212 872 3276 secundum
887 3211 1018 3276 doctum
1035 3207 1223 3273 Heinricum
1248 3206 1288 3272 de
1306 3205 1387 3270 Has-

238 3313 285 3378 sis
305 3335 401 3396 super
423 3314 559 3400 prologo
582 3317 682 3383 biblis
696 3339 790 3383 omne
806 3317 947 3383 studium
961 3316 1135 3381 humanum
1158 3317 1255 3396 atque
1270 3311 1386 3376 sciendi

237 3422 270 3482 et
292 3419 501 3503 cognoscendi
535 3421 722 3486 scrutinium
753 3423 791 3486 sd
822 3421 908 3486 huuc
937 3420 1034 3486 finem
1056 3418 1186 3484 tendere
1207 3417 1321 3496 debet,
1352 3423 1388 3480 ut

238 3526 314 3589 deus
336 3545 408 3589 vere
432 3533 641 3608 cognoscatur
672 3531 705 3592 et
728 3526 868 3610 perfecte
891 3526 1064 3611 diligatur,
1101 3528 1188 3590 recte
1210 3521 1336 3588 colatur
1356 3528 1387 3587 et

237 3630 298 3696 sibi
322 3629 727 3720 pleueobedietur.....[f.
753 3630 887 3719 248]...
913 3631 954 3697 Et
977 3632 1004 3695 si
1026 3630 1165 3697 diceres:
1193 3628 1313 3693 ›imter
1336 3627 1387 3706 mi,

239 3738 329 3822 prius
352 3755 426 3800 usus
448 3757 481 3800 cs
503 3737 662 3802 coloribus
693 3737 938 3804 rethoricalibus
973 3758 1010 3802 ac
1042 3734 1199 3800 ornaciori
1224 3733 1318 3799 modo
1341 3733 1386 3798 lo·

240 3842 387 3928 quondm,
412 3841 482 3907 dico
497 3841 568 3921 tibi,
591 3843 674 3927 quod
691 3844 824 3908 materia
841 3843 903 3907 ists
918 3841 1067 3927 perutilis
1082 3846 1140 3920 est,
1164 3844 1196 3905 et
1211 3860 1274 3904 non
1292 3844 1342 3904 est
1355 3841 1384 3905 in

239 3948 360 4014 ornetis
375 3947 574 4013 sermonibus
596 3948 648 4012 sed
673 3948 705 4010 in
723 3947 849 4012 domino
865 3950 974 4011 nostro
988 3944 1010 4011 J
1013 3945 1090 4010 besu
1105 3943 1233 4009 Christo
1257 3946 1387 4010 medite-

239 4052 328 4118 cioue
362 4053 579 4118 insistendum.
627 4051 676 4117 Ad
709 4053 792 4138 quod
824 4053 922 4118 eciem
946 4051 1209 4136 insequentibus
1233 4048 1386 4116 Jeronimi

806 4205 822 4244 ἡ

313 4298 322 4348 l
346 4295 486 4360 Eusebius,
504 4295 573 4350 Vite
585 4294 735 4352 Hierouimi
755 4296 798 4352 bei
818 4296 920 4367 Migne,
939 4293 1105 4364 Patrologia
1123 4293 1217 4350 latim
1230 4293 1317 4358 xxn,
1329 4295 1385 4352 253.

239 4385 255 4435 2
274 4382 382 4452 querc?
462 4385 478 4438 3
498 4382 727 4452 AlvsraPelayo,
747 4383 802 4439 viel
816 4383 960 4454 gelssener
978 4381 1258 4452 kirchenpclitiecber
1276 4381 1384 4438 schrift

239 4469 342 4532 stellet,
361 4468 444 4524 sehon
469 4472 532 4524 1474
553 4469 698 4539 gedruokt.
771 4473 786 4525 4
805 4493 840 4520 =
859 4471 1000 4526 existimes
1019 4487 1039 4523 s.
1059 4465 1250 4532 Dieffenbach,
1268 4467 1385 4526 Glossar.
