3002 5070
821 359 863 426 74
1468 391 1469 476 p

354 535 438 603 Nam
457 537 504 602 nil
520 536 642 603 dulcius
658 559 693 602 ce
710 534 874 601 iocundius
889 536 989 602 solido
1006 537 1128 602 homini
1143 535 1319 621 prospicio,
1336 557 1423 620 qnam
1468 575 1469 668 p

267 644 361 708 deum
384 643 520 727 diligere
544 649 576 708 et
609 663 642 707 se
666 642 733 707 eius
765 642 947 727 mencipsre
977 643 1128 726 servicijs.
1186 639 1265 705 Cum
1293 645 1328 705 te
1351 639 1424 704 illud
1468 671 1469 716 a

266 749 431 813 intendere
453 749 559 814 animo
573 748 732 813 constanti
762 747 904 813 audirem
921 749 1066 834 -quod
1088 747 1143 812 rix
1165 745 1259 812 credo
1279 783 1336 825 -‚
1352 767 1425 830 gau·
1468 719 1469 808 l

267 855 373 920 derem
389 855 511 940 utique.
548 851 717 918 Carissime
732 851 843 932 frater,
866 854 973 918 firmet
992 859 1023 918 te
1040 851 1232 938 euangelica
1250 852 1421 923 sententia,
1468 845 1469 930 l

268 983 329 1044 qne
352 959 415 1024 ait:
456 959 559 1036 »Quid
581 959 713 1043 prodest
736 958 870 1037 homini,
894 959 920 1023 si
945 961 1129 1024 universum
1147 959 1305 1023 mondum
1330 957 1424 1022 lucre
1468 965 1469 1040 ᾗ

268 1070 322 1131 tur
344 1070 376 1130 et
399 1064 504 1129 anime
526 1085 582 1129 sne
605 1065 835 1130 detrimentum
859 1065 1049 1149 permaturi«
1090 1065 1202 1130 Canius
1233 1085 1316 1149 ergo
1341 1063 1425 1132 habe.
1468 1067 1469 1136 l

268 1188 339 1230 cum
364 1166 466 1232 Maria
489 1168 678 1252 Magdalena
711 1170 994 1253 contemplacionis
1021 1169 1208 1235 celsitudine
1239 1169 1343 1253 pedes
1363 1189 1425 1232 am·
1468 1167 1469 1182 ¹

239 1303 240 1306 ¹
268 1273 365 1356 plecti
381 1273 564 1353 dominicos,
589 1297 683 1359 qnam
702 1295 772 1340 cum
788 1273 893 1340 Marta
908 1275 1009 1340 active
1032 1276 1097 1340 vite
1112 1275 1230 1359 agitari
1246 1272 1424 1359 spiraculis,
1468 1275 1469 1352 T

269 1381 301 1442 et
323 1378 357 1442 in
381 1378 562 1463 principum
585 1379 681 1462 curijs
698 1385 730 1442 et
747 1378 839 1444 factis
855 1384 888 1444 te
904 1385 1007 1445 toturn
1032 1401 1157 1465 semper
1171 1380 1337 1464 ingerere.
1373 1381 1425 1441 Ast
1468 1439 1469 1498 p

270 1483 414 1566 quumvis
436 1483 496 1548 hoc
519 1485 602 1549 idem
625 1484 722 1548 etiam
745 1506 843 1548 unum
868 1484 910 1549 sit
933 1507 970 1548 ex
993 1485 1195 1564 necessariis,
1228 1506 1297 1550 non
1323 1490 1423 1548 tamen
1468 1509 1469 1584 p

270 1609 394 1672 semper
418 1588 492 1655 huic
515 1591 592 1654 adeo
614 1590 825 1654 insudandum
851 1596 908 1669 est,
930 1597 967 1654 ut
989 1595 1160 1674 propterea
1183 1589 1221 1656 de
1245 1590 1359 1655 anima
1374 1609 1423 1672 pe·
1468 1589 1469 1660 i

271 1693 359 1757 nitus
381 1693 427 1756 nil
451 1694 621 1778 cogitetur.
667 1693 715 1759 De
737 1694 797 1760 hcc
823 1695 974 1760 hactenns
984 1696 1004 1761 ¹.

358 1797 405 1863 De
421 1798 622 1866 involucione
640 1823 714 1867 vero
737 1802 923 1867 detestanda
935 1803 1118 1887 principum
1136 1809 1326 1868 nostrorum
1344 1798 1423 1864 aliud
1468 1821 1469 1824 ¹

270 1927 328 1989 pro
350 1925 435 1969 nunc
457 1906 594 1971 scribere
617 1929 747 1993 nequeo,
772 1909 834 1973 nisi
857 1909 940 1993 quod
962 1909 1026 1974 dux
1067 1907 1235 1974 luodwicus
1259 1911 1351 1972 certo
1372 1905 1422 1969 ob

271 2010 369 2075 tinuit
392 2010 716 2090 castraMarcbionis‚
741 2035 803 2078 non
831 2019 938 2078 tamen
962 2014 1137 2100 vialique,
1162 2013 1423 2098 quemquamst

272 2117 419 2196 fumetur,
443 2139 590 2200 magnam
609 2119 725 2184 hebeat
740 2119 977 2185 multitudinem
994 2120 1116 2204 populi,
1140 2123 1172 2184 et
1187 2138 1246 2202 pro
1269 2139 1367 2193 nune,
1392 2120 1422 2176 ut
1468 2191 1469 2230 1

272 2221 421 2302 fumetur,
431 2243 501 2287 cum
520 2223 659 2287 exercitu
675 2245 731 2287 suo
744 2223 992 2288 circumsallarit
1004 2229 1141 2288 cestrum
1158 2223 1236 2287 satis
1249 2221 1335 2286 exile
1346 2219 1421 2285 circa

271 2326 422 2393 Swabach
447 2331 574 2394 nomine
590 2326 837 2394 Kammerstsin.
885 2329 1027 2394 Marcbio
1051 2335 1158 2394 temen
1174 2327 1336 2393 Albertus
1355 2325 1422 2388 bac·

271 2438 363 2496 tenus
387 2434 433 2498 nil
456 2433 669 2519 attemptavit.
717 2433 783 2497 Ista
805 2438 911 2498 tamen
927 2434 1099 2498 ebdomada
1122 2433 1250 2498 indubie
1268 2429 1417 2517 populum

272 2561 308 2602 ac
332 2541 505 2604 exereitum
528 2541 700 2606 maximum
726 2545 858 2623 propter
882 2538 1052 2604 adventum
1075 2539 1289 2623 plurimorum
1315 2538 1354 2602 de
1369 2535 1418 2599 Sa-

273 2645 368 2709 sonia
391 2646 524 2710 iunioris
555 2651 588 2710 et
611 2645 742 2708 senioris
776 2643 959 2728 principum
991 2643 1107 2708 ibidem
1136 2643 1275 2721 habebit,
1302 2649 1336 2707 et
1357 2658 1420 2722 spes

272 2751 452 2816 omnimoda
474 2751 620 2824 habetur,
654 2750 736 2835 quod
760 2750 835 2814 deus
858 2750 1037 2832 potentiam
1069 2770 1158 2814 suem
1182 2769 1258 2832 erga
1280 2748 1420 2813 adversa·

274 2855 359 2920 rium
381 2877 473 2920 suum
499 2857 655 2934 ostendet,
680 2855 805 2920 utinam
828 2875 977 2938 pmspere
1001 2859 1033 2920 et
1055 2852 1232 2920 feliciter²l

362 2961 403 3024 Et
426 2963 508 3027 sicut
531 2983 636 3026 rerum
669 2981 820 3026 novarum
843 2960 971 3026 auditor
994 2981 1026 3024 es
1048 2960 1177 3040 avidus,
1201 2959 1247 3024 ita
1270 2965 1307 3024 et
1329 2961 1420 3023 mnte-

274 3065 421 3132 riarum⁸
444 3067 523 3131 alias
545 3065 650 3132 verbis
673 3070 705 3130 et
728 3067 871 3149 proxime
894 3067 1023 3151 scriptis
1054 3066 1283 3150 promissarum
1309 3063 1419 3130 avidis-

273 3174 371 3238 simus
387 3195 456 3238 sum
473 3177 666 3258 expectator.
713 3171 791 3236 Cum
808 3173 952 3256 proximo
968 3193 1044 3255 ergo
1061 3175 1236 3236 mercatore
1252 3175 1312 3236 aut
1328 3168 1419 3234 eciam

275 3279 390 3344 nuncio
415 3285 593 3356 coemento,
619 3301 680 3362 que
695 3277 883 3362 pollicitus⁴
901 3299 943 3356 es,
966 3278 1104 3361 dirigere
1120 3276 1206 3342 omui
1218 3296 1318 3359 opera
1340 3289 1420 3338 cures

274 3387 388 3450 obnixe
413 3404 499 3469 rogo.
533 3383 595 3448 Ero
619 3384 679 3446 tibi
701 3383 879 3468 morigerus
894 3383 927 3446 in
944 3383 1205 3468 quibuscumque,
1230 3401 1292 3465 que
1310 3376 1419 3464 placita
1468 3405 1469 3484 p

275 3489 405 3554 fuerint.
442 3488 531 3552 Etsi
558 3510 621 3553 non
644 3489 810 3552 materiem
835 3486 1134 3552 eamomnimodam
1158 3486 1248 3550 iuxta
1271 3482 1418 3568 promisse
1468 3525 1469 3560 p

275 3595 414 3679 dirigere
438 3593 567 3677 poteris,
590 3597 713 3676 partem
738 3593 844 3658 saltim
868 3615 957 3658 cures
976 3592 1113 3658 mittere.
1151 3590 1198 3655 De
1213 3585 1416 3668 evicerant)
1468 3603 1469 3667 3

275 3722 349 3765 vero
372 3699 527 3764 mittendo
551 3701 638 3764 iuxta
661 3699 826 3764 commissa
849 3703 881 3764 et
903 3702 1015 3782 optata
1037 3699 1151 3763 bonam
1175 3697 1328 3762 adhibeas
1350 3692 1414 3758 dili·
1468 3679 1469 3746 l

276 3809 427 3892 gentiam.
474 3805 685 3889 Respondebo
707 3805 797 3869 iuxta
820 3805 942 3870 merita.
982 3806 1018 3868 ln
1036 3802 1163 3867 Christo
1185 3802 1344 3868 salvatore
1369 3816 1417 3861 no
1468 3823 1469 3916 p

276 3918 342 3978 stro
365 3917 397 3978 ts
419 3912 525 3977 valere
555 3911 668 3994 cupio,
704 3909 804 3975 frater
826 3911 1051 3974 amentissime.
1106 3909 1153 3972 Ex
1179 3908 1328 3993 Augusta
1350 3901 1420 3970 ieris
1468 3953 1469 3966 ,

276 4020 373 4084 tertia
397 4024 470 4103 post
492 4021 620 4082 cantate
645 4013 722 4081 LX0.
1468 4001 1469 4082 l

846 4118 863 4156 *

349 4213 360 4266 1
381 4209 449 4280 vgl.
466 4229 507 4264 nr.
527 4211 551 4264 2.
623 4207 638 4260 2
662 4203 727 4276 Vgl.
742 4203 914 4270 Klucbhobn,
934 4203 1051 4274 Ludwig
1069 4204 1118 4260 der
1135 4203 1236 4258 lteicbe
1256 4205 1305 4260 143
1326 4204 1353 4266 f„
1371 4199 1416 4252 bes.
1468 4191 1469 4244 i

278 4299 349 4355 144¹.
422 4297 522 4367 3Vgl.
541 4297 612 4352 oben
631 4312 651 4348 s.
670 4294 703 4348 27
726 4308 800 4347 anm.
819 4291 845 4346 2.
914 4291 1008 4347 leod.
1028 4289 1164 4360 pollicita.

1468 4847 1469 4892 l

751 4479 958 4490 -—--—-—
