2990 5068
788 639 850 712 58.

250 775 442 850 Hermann
468 776 620 852 Schedel
649 801 697 851 an
727 779 813 875 [den
849 780 917 852 abt
946 777 1012 854 der
1041 779 1285 877 Ndmberger
1315 783 1405 854 kar-

435 901 572 975 thause
594 901 650 996 (l).
691 903 906 1000 Augsburg]
943 903 1042 978 1464
1073 928 1159 980 nov.
1191 906 1227 979 9.

607 1053 670 1109 clm.
689 1050 871 1110 22412771.
909 1053 1041 1126 concept.

245 1177 386 1243 Bittet
408 1180 547 1244 seiner
574 1179 888 1244 varstorbenen
919 1180 1222 1267 angebbrigen
1252 1182 1306 1245 irn
1341 1203 1408 1266 ge-

624 1285 699 1350 bet
720 1305 765 1347 zu
788 1283 1021 1368 gedenken.

333 1421 496 1506 Religiose
519 1423 625 1505 pater!
666 1419 746 1504 Ego,
778 1421 832 1505 qui
867 1420 908 1484 ab
931 1420 1063 1486 ineunte
1087 1427 1172 1488 etate
1194 1427 1299 1491 ordini
1324 1425 1409 1492 Car·
1491 1379 1492 1444 ]

246 1528 432 1594 tusiensium
456 1547 581 1611 semper
597 1525 728 1591 affectus
751 1524 808 1605 fui,
832 1526 980 1612 contigit,
1002 1533 1039 1591 ut
1054 1531 1224 1595 retroactis
1246 1532 1342 1596 annis
1368 1556 1409 1597 ex

244 1633 374 1717 speciali
408 1633 516 1717 gracia
548 1633 581 1697 in
605 1631 746 1716 capitulo
770 1632 933 1714 generali,
964 1632 1049 1714 quod
1078 1637 1156 1699 tunc
1179 1633 1410 1722 Nuremberge

248 1739 477 1821 celebrabatur,
500 1741 538 1804 de
554 1759 707 1803 consensu
724 1743 851 1820 patrum
869 1736 986 1802 ibidem
1001 1742 1080 1804 tnnc
1095 1741 1301 1807 existencium
1326 1765 1410 1826 par-

244 1845 468 1930 ticipationem
491 1845 648 1909 bonorum
672 1843 705 1907 in
728 1843 796 1906 vito
818 1842 940 1925 pariter
963 1847 996 1906 et
1029 1844 1064 1908 in
1086 1851 1193 1911 morte
1215 1869 1272 1931 per
1294 1851 1408 1912 totum

244 1952 387 2016 ordinem
403 1948 652 2016 Certusiensinm
676 1970 735 2032 pro
757 1970 822 2025 me,
858 1949 1062 2032 parentibus,
1098 1951 1252 2016 iratribus
1283 1958 1315 2016 et
1353 1974 1409 2018 so·

244 2056 369 2121 roribus
392 2057 469 2120 meis
494 2055 683 2132 obtinerem,
706 2053 790 2136 quod
806 2057 839 2118 et
854 2075 979 2140 semper
997 2055 1204 2140 magnifacio.
1253 2055 1295 2120 lle
1311 2079 1411 2143 ergo,

245 2183 309 2247 qua
323 2163 422 2240 decet,
445 2161 638 2237 bumilitate,
655 2181 712 2223 nos
723 2179 831 2224 omnes
847 2161 959 2224 vestris
967 2164 1187 2228 recommendo
1202 2163 1411 2228 orationibus

244 2269 375 2346 devotis,
399 2267 581 2352 supplicans
598 2265 787 2344 humillime,
811 2269 847 2329 ut
870 2273 903 2330 et
925 2267 1113 2332 memoriam
1136 2275 1244 2333 eorum
1267 2268 1409 2334 deiunc-

245 2375 362 2451 torum,
384 2371 485 2457 patris
508 2371 656 2436 videlicet
679 2377 711 2434 et
733 2370 915 2455 aliquorum
936 2370 1075 2436 fratrum
1106 2377 1138 2438 et
1161 2394 1315 2451 sororum,
1344 2377 1407 2460 qui

245 2499 282 2542 ex
306 2478 365 2542 hoc
382 2477 501 2541 mundo
517 2475 656 2541 feliciter
678 2475 711 2539 in
735 2476 863 2541 domino
878 2477 1070 2563 migrarunt,
1094 2477 1284 2562 participem
1308 2480 1411 2544 bonis

245 2604 302 2665 per
323 2603 378 2646 vos
401 2581 496 2646 factis
521 2587 553 2646 et
576 2581 686 2645 fiendis
703 2581 832 2645 reddere
848 2581 963 2646 velitis.
1016 2581 1193 2648 Mercedem
1209 2585 1249 2648 ab
1271 2605 1318 2663 eo,
1347 2587 1409 2671 qui

245 2687 387 2752 omnium
410 2685 575 2771 largifluus
598 2691 815 2750 remunerator
838 2686 947 2751 existit
964 2690 1011 2770 (et
1027 2689 1090 2770 me)
1106 2688 1407 2756 immarcessibilem

245 2793 403 2875 recipietis
434 2795 466 2857 et
500 2813 550 2855 me
581 2791 717 2855 vicissim
744 2788 799 2876 [ad
823 2788 894 2876 es]‚
917 2814 979 2874 que
1000 2813 1060 2876 pro
1085 2795 1219 2872 honore,
1255 2793 1408 2862 utilitate

245 2897 365 2961 ordinis
385 2918 536 2982 umquam
560 2896 661 2960 lacere
678 2901 820 2979 potuero,
845 2896 1023 2981 obligatum
1050 2897 1129 2980 (me)
1153 2919 1277 2982 semper
1301 2899 1407 2964 habe·

205 2988 211 3000 ’
246 3001 331 3082 bitis,
354 3003 427 3067 dum
453 3001 587 3085 spiritus
612 3002 669 3065 hos
701 3001 787 3086 regit
810 3007 908 3067 artus.
955 3001 991 3065 ln
1016 3003 1067 3067 die
1091 3001 1248 3068 [leonardi
1273 3004 1401 3069 14641.

718 3213 849 3220 --.-.---.-
856 3215 909 3222 --μ

791 3373 850 3446 59.

245 3525 423 3601 Heinrich
450 3523 526 3596 Lur
553 3545 601 3594 an
632 3521 842 3620 [Leonhard
868 3523 1020 3622 Gessel}
1072 3523 1260 3618 Dillingen
1301 3526 1402 3598 1465

742 3646 836 3720 febr.
872 3648 903 3722 1.

529 3803 592 3857 clm.
610 3801 697 3856 asel?
715 3801 735 3854 f.
753 3801 901 3856 tlt-255.
938 3799 1082 3856 Absclrrilt
1096 3801 1115 3854 ³.

245 3929 522 4013 Ermsbnung
553 3950 636 3993 zum
676 3925 1013 3992 besebaulicben
1041 3925 1161 3991 leben
1207 3925 1280 3990 und
1317 3950 1403 3992 aum

244 4035 425 4101 studium
459 4034 533 4099 der
572 4034 752 4119 mystica
795 4032 1014 4118 theologia
1053 4033 1137 4097 mit
1176 4030 1402 4096 ansldlleu

812 4143 828 4180 s

317 4229 328 4281 1
351 4227 406 4282 Das
437 4225 602 4296 gabenbueb
632 4226 680 4280 der
708 4224 889 4294 Ntirnberger
915 4223 1069 4279 karthauaa
1095 4221 1269 4278 veraeicbnet
1295 4239 1319 4278 a.
1334 4222 1405 4291 jahr

248 4314 314 4369 1478
332 4313 404 4370 doct.
426 4314 568 4370 Hermann
587 4313 702 4368 Schedel
723 4312 776 4367 mit
795 4312 872 4367 einer
891 4312 964 4380 gabe
983 4329 1037 4368 rou
1063 4313 1077 4364 ⁴
1101 4309 1224 4364 buchern
1243 4311 1301 4362 und
1324 4311 1356 4364 10
1376 4309 1404 4364 ll.

246 4402 329 4468 Roth,
349 4399 445 4456 Gesch.
464 4401 520 4455 nnd
539 4401 745 4470 Beschreibung
766 4400 815 4454 der
827 4399 935 4456 Ndrnb.
949 4399 1104 4453 Kartbause
1122 4398 1166 4452 91.
1213 4398 1229 4451 2
1250 4383 1326 4452 llber
1345 4397 1405 4452 deu

244 4487 328 4544 codex
342 4488 398 4558 vgl.
411 4488 457 4543 die
467 4487 641 4558 einleitung;
664 4486 857 4558 grdsstenteils
872 4487 925 4542 mit
936 4487 996 4540 ihm
1011 4482 1277 4540 dbarainatimmend
1297 4483 1336 4538 ist
1355 4485 1403 4538 eiu
