3062 5068
800 399 863 464 194

257 600 353 662 quam
376 579 506 643 omnino
529 576 694 640 nominare
718 575 883 640 recusavit.
930 573 1030 639 Vobis
1062 579 1167 639 tamen
1193 573 1325 656 singula
1345 595 1416 638 esse

256 685 385 766 cognita
407 683 534 758 adiecit,
557 687 588 746 et
611 702 682 746 oum
707 681 848 746 omnium
867 680 979 746 harum
995 701 1103 746 rerum
1126 671 1184 744 sim
1208 680 1341 744 omnino
1361 679 1413 742 in-

255 788 355 866 scius,
388 788 500 853 vellem
532 788 662 853 anobis
692 787 787 852 sicuti
811 786 852 851 ab
874 786 976 852 amieo
998 785 1207 870 integerrimo
1230 789 1265 848 et
1286 805 1415 867 semper

256 892 335 957 mihi
359 892 551 958 amicissimo
577 893 689 958 seriem
708 912 832 956 omnem
856 892 901 956 rei
919 891 1112 976 intelligere.
1160 888 1257 954 Volui
1274 890 1414 973 primum

258 1000 296 1064 de
320 998 379 1064 hae
402 998 471 1082 ipsa
495 1019 528 1062 re
553 999 643 1083 prins
665 1020 759 1082 quam
784 1019 803 1062 a
825 1000 942 1080 patruo
965 997 1149 1076 certiorari,
1171 995 1289 1061 obnixe
1312 996 1417 1080 igitur

256 1125 344 1188 rogo,
381 1107 418 1167 ut
440 1125 511 1168 oum
534 1103 680 1187 proximo
702 1107 899 1180 oecurrente,
924 1123 986 1186 que
1007 1101 1093 1185 apud
1118 1122 1168 1165 ms
1190 1100 1306 1182 ignota
1327 1105 1416 1176 sunt,

255 1209 314 1271 sub
336 1207 445 1290 sigillo
468 1207 594 1273 consilii
605 1206 668 1291 (1)ι
690 1208 815 1290 aperire
838 1206 974 1294 [velitis]
994 1258 999 1271 .
1018 1257 1051 1272 ..

803 1559 865 1633 92.

257 1719 452 1793 Hermann
496 1716 651 1792 Schedel
705 1742 754 1790 an
792 1717 919 1792 Kiliau
958 1717 1109 1812 Pflitger
1148 1717 1226 1790 und
1260 1716 1416 1790 Johann

473 1841 697 1915 Permetter.
753 1841 967 1936 [Nurnberg
999 1841 1193 1934 Mittit}

621 1995 686 2051 olm.
705 1994 757 2050 224
775 1996 793 2052 f.
813 1995 875 2051 200.
912 1995 1043 2065 Conoept.

259 2119 904 2206 EmpfehlungdesAntonins
935 2121 1048 2187 Groe.
1094 2102 1418 2204 llbersendung

435 2247 513 2291 von
538 2225 784 2290 Bessarions
806 2224 997 2308 defensio
1021 2223 1230 2289 Platonis.

344 2365 487 2432 Salutem
519 2365 688 2449 plurimam
720 2387 790 2430 oum
814 2364 944 2450 optione
971 2365 1075 2430 omnis
1099 2365 1174 2430 boni
1197 2364 1284 2430 dicit.
1333 2363 1413 2428 Pre-

257 2473 356 2536 sentis
379 2477 571 2537 ostensorem
596 2470 787 2536 avunculum
811 2493 914 2537 meum
939 2471 1117 2536 Antonium
1140 2467 1258 2546 Groe¹,
1289 2469 1414 2533 areium

259 2577 508 2656 baccalaureum,
533 2577 781 2659 prestantissimi
799 2576 871 2654 riri,
894 2598 952 2661 pro
969 2575 1106 2660 pleniori
1131 2574 1304 2658 adepoione
1325 2574 1416 2656 opti·

257 2704 379 2747 marum
403 2681 568 2746 literarum
592 2682 630 2745 ad
654 2682 794 2746 studium
812 2679 1071 2766 lngeldstadense
1090 2681 1196 2760 mitto,
1219 2684 1251 2743 et
1267 2701 1337 2743 cnm
1356 2700 1417 2763 pre

257 2789 370 2852 ceteris
393 2807 447 2851 vos
471 2787 555 2851 viros
578 2787 721 2872 integros
744 2808 782 2850 ao
803 2787 911 2852 doctos
938 2787 1152 2871 cognoverim,
1177 2786 1318 2851 animum
1342 2807 1415 2849 orn·

256 2915 329 2957 uem
353 2914 457 2957 meum
479 2893 511 2956 in
528 2891 745 2958 humanitates
760 2892 1045 2970 vestrasstabilivi,
1063 2913 1195 2976 sperans
1218 2891 1416 2958 ooufidenoia

257 3020 329 3064 oum
352 2998 519 3084 singulari,
543 3019 604 3082 que
619 2997 755 3062 utilitati
771 2997 968 3080 profectuive
987 3020 1137 3082 nmquam
1161 2996 1317 3062 avunculo
1341 3017 1416 3061 meo

257 3108 373 3183 erunt,
397 3103 516 3168 auxilio
539 3101 600 3166 sibi
623 3103 738 3167 adesse.
789 3099 942 3168 Favorem
967 3103 1102 3188 denique
1129 3103 1164 3167 in
1188 3101 1254 3167 suis
1277 3102 1413 3186 agendis

256 3229 388 3293 operose
427 3208 593 3273 ostendere
622 3206 749 3284 velitis,
777 3206 890 3291 suplex
913 3229 986 3287 oro,
1018 3208 1102 3293 quod
1131 3211 1164 3274 et
1196 3207 1410 3273 honorificum

257 3314 337 3379 mihi
360 3313 563 3378 vehementer
586 3313 656 3378 erit.

826 3421 843 3458 ss

328 3523 342 3575 l
363 3523 471 3580 aheneo
482 3524 563 3578 anter
574 3539 616 3578 nr.
626 3523 667 3578 96.
721 3523 738 3576 2
758 3522 848 3578 Ueber
866 3523 960 3580 diesen
974 3523 1114 3580 Antonine
1125 3522 1198 3580 Groe
1214 3525 1410 3582 unterriehten

258 3611 328 3668 noel:
338 3609 468 3680 fulgenda
478 3609 579 3664 brisle:
594 3609 622 3680 a)
634 3609 679 3664 ein
689 3609 786 3665 lrurzes
797 3612 915 3680 ooneept
923 3611 942 3667 f.
951 3607 1016 3664 272⁵
1027 3610 1060 3682 [a.
1070 3611 1158 3682 14661.
1172 3610 1260 3668 vorin
1271 3613 1414 3668 Hermann

257 3699 312 3753 den
321 3695 567 3766 Antoniuslfiliunr
577 3696 677 3752 sororia
686 3714 756 3762 mee,
770 3697 823 3753 den
834 3715 864 3755 er
876 3699 927 3752 auf
937 3699 1048 3753 wunsulr
1058 3697 1107 3752 der
1116 3699 1206 3754 eltem
1217 3699 1288 3755 narb
1300 3700 1414 3772 Leipzig

258 3804 319 3840 aum
333 3784 456 3840 studium
475 3785 617 3854 geschiolrt
636 3785 696 3849 hat,
715 3786 778 3840 darn
797 3786 1020 3857 [ungenannten]
1036 3787 1198 3842 adressaten
1211 3786 1268 3842 und
1280 3789 1346 3844 dam
1356 3807 1414 3844 ma·

257 3873 346 3942 gister
364 3872 426 3927 Job.
445 3869 512 3926 Seue
537 3873 690 3942 empfiehlt.
728 3873 757 3942 b)
776 3874 795 3926 f.
814 3873 865 3928 243
885 3872 1005 3942 einlage.
1043 3877 1086 3929 An
1112 3877 1257 3933 Antonius.
1294 3877 1336 3931 Ex
1357 3877 1412 3930 Nu·

258 3960 408 4030 remberga
428 3958 457 4014 in
478 3960 601 4016 crastino
619 3962 802 4018 exaltationis
820 3964 916 4016 saneta
935 3961 1022 4017 erneis
1041 3963 1124 4033 [sept.
1140 3965 1273 4033 1511467.
1312 3965 1414 4020 linter

256 4048 335 4104 tudel
355 4047 405 4102 der
424 4046 525 4102 literae
542 4046 656 4117 ineptae
674 4047 722 4102 des
741 4049 897 4113 Antonius,
917 4048 963 4103 die
981 4049 1039 4104 siah
1059 4049 1174 4106 Sobeslel
1192 4050 1281 4106 durch
1302 4051 1413 4108 unlleisa

257 4136 383 4199 erkltrt3
403 4135 461 4190 und
480 4136 505 4206 o)
524 4135 576 4190 auf
599 4134 649 4190 der
668 4134 806 4190 rflelrseite
833 4135 975 4190 desselben
996 4136 1101 4192 blattea
1125 4138 1170 4193 ein
1197 4143 1316 4210 ooneapt
1340 4140 1414 4195 sinas

259 4225 360 4278 briefen
379 4241 416 4279 an
437 4223 491 4278 den
511 4222 603 4278 lehrer
622 4222 671 4277 (les
690 4222 847 4288 Antonius,
875 4223 991 4279 welches
1015 4225 1089 4281 disse
1114 4226 1218 4296 klagen
1237 4228 1412 4285 wiederlrolt.

258 4311 375 4366 Endlioh
395 4309 425 4382 d)
442 4311 502 4368 eod.
521 4312 571 4366 441
594 4331 618 4380 p.
638 4311 703 4366 216ὴ
721 4311 767 4366 ein
785 4315 900 4382 concept
919 4329 955 4366 an
976 4313 1133 4376 desselben.
1154 4313 1204 4369 dsr
1225 4314 1300 4368 wohl
1321 4323 1413 4370 unter-

259 4397 307 4452 dss
326 4399 459 4455 erwidert
476 4399 535 4456 hat.
573 4398 712 4454 Antonius
731 4399 784 4456 soll
804 4401 876 4456 nauh
895 4401 959 4456 dem
979 4401 1073 4457 willan
1094 4403 1246 4458 deraltern
1259 4403 1318 4458 und
1335 4405 1414 4458 Salie-

258 4485 318 4541 dels
347 4504 429 4556 super
448 4487 575 4556 proxima
600 4487 817 4556 quadragesima
847 4490 897 4544 dar
923 4489 1251 4547 baooalaureatsexsmen
1284 4491 1410 4548 machon.
