2990 5068
630 415 672 480 95

73 593 202 656 litatem
219 615 373 679 —quam
396 594 429 657 in
454 595 562 658 haere
589 617 656 659 esse
678 616 826 678 presumo
844 631 885 642 -
901 596 1134 681 [concernunb],
1158 620 1232 681 pro·

71 719 189 763 curare
204 700 422 779 consuevistis,
445 701 564 764 cumin
581 699 647 765 dies
663 699 808 764 homines
827 721 932 780 cerno,
949 702 1062 767 nedum
1089 702 1122 765 in
1138 701 1234 766 Italia

73 809 253 886 promotos,
276 809 326 869 sel
340 803 519 884 dumtaxat,
543 807 598 890 qui
615 827 672 889 per
687 805 811 890 aliquot
825 812 951 889 tempus
974 808 1089 872 ibidem
1115 828 1234 872 moram

73 915 329 988 contraxerunt,
372 914 405 975 el
434 911 548 994 opibus
571 915 603 975 el
632 911 805 975 honoribus
828 917 937 976 auctos
960 911 999 977 cd
1023 933 1235 997 magnamque

72 1015 218 1096 gloriam
246 1014 391 1094 evasisse,
414 1037 486 1081 cum
511 1020 543 1080 et
566 1017 597 1080 id
621 1017 654 1079 in
671 1016 814 1100 historijs
830 1039 939 1082 eorum
963 1040 1014 1082 me
1037 1017 1152 1103 legisse
1168 1039 1234 1082 me·

72 1119 169 1199 mini,
193 1141 247 1184 eos
270 1120 381 1185 multis
403 1122 502 1204 gestis
526 1121 621 1187 claris
643 1123 773 1186 nomina
795 1122 834 1187 ad
857 1127 943 1187 astra
960 1124 1079 1188 tulisse.
1127 1123 1234 1209 Atque

71 1225 204 1306 idcirco,
227 1226 311 1290 sicut
333 1232 449 1291 nalure
472 1227 570 1306 iubet,
594 1248 702 1292 eorum
726 1249 776 1292 me
794 1227 969 1293 virtutibus
991 1227 1087 1307 affici,
1110 1249 1235 1294 mecum

72 1329 132 1394 hec
157 1332 269 1415 sepius
291 1332 398 1396 animo
421 1333 559 1411 revolvo,
585 1333 785 1418 multumque
809 1335 868 1400 hoc
891 1356 930 1399 ex
947 1340 1053 1400 vestra
1069 1339 1101 1400 el
1124 1335 1231 1420 patrui

70 1435 243 1500 voluntate
271 1438 542 1523 disposicioneque
574 1439 710 1522 pendere
744 1439 887 1522 reperio,
922 1441 1069 1526 quodque
1108 1440 1168 1505 hoe
1201 1440 1235 1503 in

74 1546 272 1627 tempestate
295 1545 397 1629 magis
420 1565 524 1628 spero,
547 1543 573 1607 si
596 1565 651 1607 vos
673 1544 865 1608 inclinatum
888 1547 920 1608 66
943 1544 1090 1609 affectum
1123 1583 1159 1592 ·-
1190 1545 1236 1609 uli

73 1669 205 1732 semper
227 1647 335 1713 fuistis
351 1685 392 1696 -
409 1671 596 1735 cognovero.
643 1648 720 1725 Quia
748 1651 831 1734 quod
850 1672 906 1734 per
928 1671 982 1715 vos
998 1649 1110 1734 fl(t)eri
1134 1650 1236 1716 conli-

73 1756 174 1839 gerit,
200 1775 293 1819 nemo
315 1755 443 1819 dubitat
465 1756 548 1837 apud
572 1754 651 1818 alios
667 1753 777 1818 haberi
802 1759 917 1820 rabum.
963 1756 1161 1840 666613166-
1177 1756 1236 1821 hee

72 1881 191 1938 cauae,
225 1881 287 1944 que
316 1882 365 1924 me
398 1865 501 1923 vestre
533 1859 707 1924 reverentie
741 1881 804 1923 non
836 1860 926 1924 nulla
956 1861 1076 1926 ilerum
1098 1861 1236 1926 scribere

73 1966 303 2049 compulerunt
333 1964 477 2049 nihilque
505 1964 565 2028 hoc
598 1971 741 2048 benepore
773 1967 874 2048 magis
895 1973 1030 2050 exopto,
1064 1989 1125 2051 que
1149 1973 1181 2031 eb
1204 1968 1234 2030 in

72 2072 192 2135 bonam
216 2073 340 2154 parbem
371 2070 468 2154 recipi
492 2091 611 2152 precor.
659 2069 807 2136 Cessante
837 2072 921 2135 enim
944 2077 1032 2155 peste
1054 2073 1086 2135 in
1110 2073 1226 2154 patria,

72 2177 166 2242 cuins
192 2175 308 2241 famam
333 2178 370 2242 ad
395 2197 452 2241 vos
474 2175 656 2241 convolasse
679 2177 782 2254 credo,
806 2176 844 2240 ad
861 2177 962 2240 solum
988 2177 1094 2260 patrie
1118 2182 1174 2241 aul
1196 2177 1236 2241 ad

73 2281 184 2347 locum
207 2285 313 2346 vestre
335 2281 506 2347 residencie
520 2280 676 2365 migrabo,
700 2281 737 2344 de
762 2302 824 2365 quo
846 2286 951 2345 lamen
968 2302 1070 2366 spero,
1094 2304 1144 2346 me
1166 2303 1234 2345 oer-

74 2387 195 2452 liorari
219 2387 333 2451 vestris
357 2387 460 2452 liberis
483 2386 687 2465 suavissimis,
711 2408 790 2472 quas
802 2407 926 2471 semper
942 2409 999 2470 pro
1023 2408 1139 2471 magno
1166 2410 1235 2452 mu·

73 2514 151 2556 nere
179 2514 300 2557 mecum
326 2493 427 2558 habeo
448 2499 613 2577 tamquam
636 2493 733 2556 vestri
758 2513 834 2577 erga
851 2515 900 2556 me
919 2493 1035 2558 amoris
1057 2498 1231 2577 perpetuos

74 2605 189 2662 testes.
236 2595 334 2662 Plura
364 2597 555 2672 scriberem,
585 2596 612 2659 si
640 2597 719 2660 mihi
746 2617 817 2661 curn
841 2597 969 2661 homine
1000 2597 1104 2661 minus
1129 2597 1233 2680 peribo

73 2725 124 2768 res
149 2708 247 2782 esset,
270 2704 360 2767 vobis
383 2709 490 2768 autem
514 2724 607 2767 omne
630 2699 795 2788 par[v]um
818 2702 947 2767 sufficit.

657 3019 691 3092 6.

75 3143 275 3215 Hermann
303 3141 458 3216 Schedel
495 3165 544 3215 an
581 3023 723 3237 [Uirich
752 3141 1004 3215 Gossembrot.
1035 3140 1235 3234 Augsburg

551 3261 729 3358 1462163]
747 3261 769 3336 ¹.

404 3475 418 3488 μ
449 3417 513 3474 clm.
528 3417 582 3473 224
601 3419 620 3472 f.
638 3418 699 3473 285.
737 3419 868 3488 Concepb.

79 3543 774 3631 Gloclrwunschzurerlangung
800 3545 919 3608 einer
949 3544 1142 3609 stellein
1166 3545 1236 3610 der

80 3650 384 3715 kaiserlichen
416 3648 582 3714 hanzlei
614 3650 690 3713 und
726 3650 839 3712 eines
863 3649 1235 3734 Augsburgerca-

81 3756 290 3821 nonicals.
326 3752 418 3818 8011
445 3753 535 3818 sich
559 3751 925 3820 anJohannesRob
947 3753 1234 3822 anschliessen.

167 3895 344 3961 Maximum
367 3917 416 3961 me
439 3918 562 3980 semper
586 3899 674 3960 tenet
696 3895 904 3971 desiderium,
927 3896 976 3959 vir
1000 3895 1235 3974 humanissime,

671 4022 691 4058 6

151 4089 164 4141 l
188 4085 284 4142 Ulrich
304 4087 483 4144 Gessembrot
501 4087 571 4141 vird
589 4087 631 4140 als
651 4085 800 4142 canonicus
819 4101 873 4141 von
889 4085 928 4139 Sb.
942 4085 1043 4140 Merita
1063 4083 1237 4141 166666666-

80 4175 156 4230 brebe
175 4173 427 4230 Geschlechbsbuch
446 4191 518 4244 cgm.
539 4175 574 4229 98
591 4173 611 4228 f.
631 4172 665 4228 36
684 4175 827 4243 genennt,
847 4171 890 4226 616
908 4171 1039 4241 mitglied
1058 4171 1109 4227 der
1127 4171 1233 4228 kaiser-

81 4263 173 4318 lichen
192 4263 304 4319 hanzlei
322 4263 381 4317 und
399 4279 474 4317 avar
492 4261 531 4316 im
550 4261 659 4316 dienshe
679 4261 726 4316 des
745 4261 858 4316 Johann
878 4259 934 4316 Rol
951 4260 981 4314 in
1000 4260 1063 4316 dem
1083 4261 1234 4316 66611161-

82 4349 210 4412 leubach,
233 4350 368 4420 Anaeiger
387 4349 476 4404 1.Κ(16
494 4349 550 4404 dtr.
568 4349 628 4405 Vzt.
642 4349 709 4403 1882
720 4366 761 4418 sp.
777 4347 827 4402 129
840 4348 1002 4404 6666166166
1021 4346 1079 4401 und
1097 4365 1161 4403 aum
1176 4365 1235 4418 sep·

83 4437 191 4493 tember
210 4438 278 4494 1166
297 4441 439 4508 geselaben
459 4437 553 4493 briefe.
590 4436 707 4492 Danach
725 4436 770 4491 die
788 4434 908 4492 adresse.
946 4435 1005 4491 Den
1022 4435 1062 4489 im
1084 4435 1172 4491 brieio
1189 4453 1237 4506 ge·

85 4529 210 4581 nannten
228 4525 407 4597 Weynmann
425 4524 502 4579 kann
527 4522 571 4578 ich
590 4524 631 4578 als
655 4522 802 4580 canonicus
822 4541 876 4580 von
895 4522 936 4580 Sl.
958 4523 1057 4580 Moribz
1083 4524 1174 4580 vader
1192 4524 1236 4579 bei
