2990 5068
816 413 880 479 162

276 595 402 674 dietate,
425 594 501 678 quia
523 615 593 658 curn
618 593 737 656 sanctis
753 593 882 656 sanctus
897 589 959 654 eris
974 593 1033 653 etc.
1082 586 1166 651 Bene
1181 585 1331 663 moveris,
1356 589 1436 650 sunt

272 702 356 766 enim
380 701 438 765 hec
460 699 660 788 munimenta
682 699 747 762 vite
775 695 954 781 spiritualis
986 715 1024 758 ac
1046 715 1104 778 per
1125 689 1162 757 ea
1184 693 1224 757 ad
1248 691 1432 776 perfectum

270 813 391 872 statum
414 828 487 871 mor
510 805 706 889 pervcnitur.
758 802 894 877 Addice,
924 800 1008 886 quod
1030 800 1149 864 stoicus
1171 799 1351 864 acerrimus
1376 797 1433 864 Se·

269 934 348 977 neca
369 909 480 1000 li[bro]
497 911 762 996 epistolarumflad
776 907 933 974 Lucilium
949 905 1081 972 scribit:
1106 903 1227 970 »Nulla
1250 927 1303 970 res
1325 907 1433 988 magis

269 1019 403 1085 honesta
425 1019 531 1084 induit
553 1017 729 1102 dubiosque
752 1021 785 1081 et
804 1014 843 1080 ad
861 1035 994 1099 pravum
1012 1010 1216 1078 inclinabilos
1239 1019 1377 1078 revocat
1392 1014 1432 1077 ad

269 1128 404 1205 rectum,
429 1146 523 1208 quam
547 1123 702 1188 bonorum
725 1122 867 1185 virorum
892 1119 1101 1186 conversacio.
1153 1118 1315 1183 Paulatim
1340 1121 1431 1184 enim

268 1229 463 1295 descendunt
485 1230 518 1293 iu
542 1233 672 1313 pectora
695 1227 806 1292 etnim
822 1229 1045 1309 preceptorum
1062 1223 1213 1289 obtinent
1235 1222 1432 1309 frequenter

271 1334 381 1418 aspici,
407 1333 747 1418 frequentarentur«

356 1437 415 1503 Sed
437 1461 532 1524 quam
551 1438 561 1474 ¹
585 1439 693 1521 inepte
717 1437 815 1500 vitam
831 1435 1009 1500 solitariam
1034 1437 1194 1519 reprobas,
1218 1437 1375 1502 existimo
1399 1442 1430 1500 te

268 1566 331 1609 non
354 1566 424 1609 mea
448 1543 644 1608 intellexisse
665 1543 796 1626 scripta.
843 1541 915 1606 Nou
939 1542 1023 1606 enim
1056 1543 1094 1606 de
1117 1565 1154 1607 ea
1176 1543 1331 1628 loquutus
1356 1565 1428 1608 sum

267 1648 440 1714 solitudine
462 1654 519 1713 aut
541 1648 580 1713 de
603 1648 684 1732 hijs,
716 1648 772 1732 qui
802 1649 953 1713 abstracti
984 1650 1024 1713 ab
1048 1647 1210 1713 hominum
1235 1648 1428 1734 frequencia

266 1755 403 1820 sordidis
425 1759 458 1820 et
479 1755 588 1839 impijs
617 1755 871 1839 cogitacionibus
902 1760 1036 1838 pateant
1066 1759 1099 1818 et
1121 1754 1210 1839 pleni
1234 1759 1428 1843 arrogancie

267 1881 304 1925 ac
326 1859 490 1944 supercilij
516 1864 648 1925 cunctos
671 1860 850 1945 despiciant
864 1867 1044 1946 ornentque
1058 1859 1186 1946 linguas
1201 1882 1274 1926 suas
1298 1866 1427 1929 cunctis

267 1964 473 2043 detrahendi,
509 1964 548 2029 de
571 1964 687 2049 quibus
711 1971 795 2029 recte
818 1964 952 2029 dicitur:
994 1963 1087 2048 »ciiij
1112 1972 1218 2031 autem
1243 1967 1425 2045 hominnm,

266 2072 376 2136 dentes
391 2092 500 2136 eorum
515 2092 605 2134 arma
621 2076 654 2135 et
664 2071 793 2155 sagitte,
809 2077 842 2134 ct
856 2070 969 2156 lingua
984 2093 1093 2136 eorum
1109 2073 1234 2156 gladius
1248 2082 1398 2142 acutus«
1413 2075 1425 2110 ²

267 2174 340 2241 Non
365 2177 448 2242 hano
471 2177 525 2248 sed
548 2177 758 2261 tranquillam
775 2183 807 2242 et
822 2177 931 2241 mitem
954 2183 988 2242 et
1002 2178 1044 2242 ab
1060 2177 1225 2243 hominum
1241 2180 1336 2264 vicijs
1361 2203 1423 2246 nou

266 2283 306 2346 ab
329 2282 530 2348 humanitate
562 2288 718 2348 semotam
747 2282 953 2348 solitudinem
984 2283 1166 2369 intelligere
1187 2285 1293 2365 volui,
1326 2309 1422 2372 quam

266 2408 329 2454 non
353 2388 385 2451 in
410 2387 488 2453 locis
511 2389 565 2454 sed
589 2389 621 2453 in
645 2390 761 2453 animis
783 2390 922 2454 inueniri
939 2390 1004 2455 scio
1020 2388 1042 2453 ³.
1088 2387 1207 2455 Verum
1224 2391 1265 2455 ad
1288 2391 1321 2456 id
1346 2413 1422 2457 con-

265 2493 350 2558 ferre
380 2493 451 2558 loca
483 2494 625 2558 salubria
654 2501 686 2558 et
714 2496 823 2580 quieta
852 2517 914 2560 non
948 2496 1070 2561 dubito.
1116 2494 1198 2576 Oro,
1230 2498 1274 2560 mi
1307 2498 1422 2576 frater,

266 2620 360 2682 quam
383 2618 532 2683 umquam
556 2599 623 2663 vite
646 2597 842 2664 dulcedinem
866 2600 989 2665 urbano
1012 2601 1043 2664 in
1068 2603 1206 2685 strepitu
1231 2625 1268 2668 ac
1292 2603 1422 2690 fragore

264 2703 412 2787 percipis,
436 2703 491 2768 ubi
513 2704 671 2788 voluptas,
694 2707 823 2770 virtutis
843 2707 971 2771 inimica
1002 2706 1148 2791 imperat,
1171 2708 1422 2775 innumerabiles

265 2807 363 2886 mali,
397 2832 416 2873 a
446 2810 561 2895 quibus
592 2833 654 2876 nou
686 2813 778 2876 modo
804 2813 1038 2896 proficientem,
1061 2813 1113 2878 sed
1136 2813 1316 2898 profectum
1342 2838 1421 2902 quo-

266 2935 327 2998 que
350 2915 490 2980 securius
522 2915 565 2980 sit
595 2917 713 2982 abasse.
760 2916 861 2982 David
894 2939 1008 3002 nempe
1036 2939 1141 3004 regem
1167 2941 1204 2984 ex
1227 2921 1365 2988 urbibus
1389 2923 1419 2985 in

263 3018 466 3086 solitudinem
490 3022 684 3105 pepulerunt
706 3022 772 3102 heo,
795 3023 944 3088 videlicet
970 3024 1124 3108 iniquitas
1146 3030 1178 3090 et
1202 3029 1420 3094 contradiccio

264 3125 449 3191 incivitate
478 3126 514 3208 [f.
539 3125 630 3208 281'']
664 3131 696 3190 et
727 3126 819 3191 labor
845 3127 878 3191 in
904 3127 1007 3192 medio
1039 3129 1105 3193 eius
1136 3135 1169 3194 at
1198 3131 1365 3197 iniusticia
1387 3137 1418 3197 et

264 3252 325 3295 non
350 3231 497 3296 delicians
518 3231 558 3295 de
580 3231 695 3315 plateis
720 3233 764 3296 eis
787 3253 885 3298 usura
907 3239 939 3297 et
962 3233 1063 3299 dolus.
1120 3234 1280 3303 hmarunt
1305 3240 1418 3304 solitu·

262 3337 370 3401 dinem
388 3337 578 3421 patriarche,
607 3339 709 3403 sancti
727 3337 924 3423 philosophi,
945 3345 1049 3424 poete,
1073 3340 1167 3406 duces
1190 3343 1417 3427 imperatores·

263 3464 325 3527 qus
347 3443 532 3508 clarissimi:
575 3442 660 3507 ano
693 3465 768 3508 vero
799 3444 1004 3509 solitudinem
1029 3445 1100 3530 quis
1124 3468 1185 3512 non
1220 3455 1326 3528 amat,
1359 3452 1416 3514 nisi

263 3550 318 3634 qui
343 3571 450 3614 secum
473 3569 624 3615 essenon
650 3551 747 3614 novit.
794 3549 910 3616 Sancta
933 3551 1114 3631 rusticitas,
1137 3559 1174 3617 ut
1197 3554 1244 3618 ait
1265 3553 1415 3620 dheroni-

262 3676 343 3732 runs,
367 3655 428 3718 sibi
453 3655 513 3719 soli
538 3655 676 3739 prodest,
700 3655 842 3720 studiosa
862 3662 969 3721 autern
992 3656 1130 3722 solitudo
1153 3659 1303 3742 prodesse
1326 3681 1415 3744 posse

262 3759 508 3843 quampluribus
532 3782 597 3826 non
620 3768 767 3847 negatur,
787 3767 818 3826 et
842 3762 908 3846 ipse
923 3761 1139 3844 Jhercnimus,
1162 3764 1218 3849 qui
1243 3764 1304 3830 hoc
1326 3767 1416 3843 dixit,

175 3861 177 3864 ’
261 3869 418 3949 quantum
448 3865 621 3931 solitudine
650 3865 825 3932 delectatus
860 3872 893 3931 et
924 3872 1078 3952 qnantum
1109 3869 1141 3933 iu
1176 3871 1297 3936 mundo
1328 3871 1414 3936 utilis

260 3968 370 4049 fuerit,
392 3971 499 4036 sciunt
522 3991 640 4038 omnes.
688 3970 748 4036 Sed
773 3973 936 4057 quianon
959 3994 1067 4038 omnes
1091 3981 1225 4057 possunt
1248 3997 1315 4042 essa
1338 3977 1413 4042 Hie-

260 4076 389 4156 ronimi,
413 4081 446 4141 et
468 4078 495 4141 si
526 4099 677 4162 magnum
702 4077 802 4142 nichil
824 4077 858 4141 in
882 4077 1054 4143 solitudine
1076 4087 1224 4164 geratur,
1248 4087 1356 4148 tanuen
1380 4090 1414 4146 ut

261 4182 388 4246 vivatur
411 4183 558 4260 innocue,
582 4183 726 4247 vitentur
748 4183 907 4247 incentiva
930 4182 1110 4264 libidinum,
1134 4186 1251 4269 quibus
1274 4191 1414 4272 porticus

259 4289 428 4352 civitatum
446 4293 478 4353 et
494 4288 623 4353 theatra
639 4287 869 4369 flammescunt,
894 4311 1049 4373 parumne
1065 4291 1125 4356 tibi
1142 4290 1252 4358 forsan
1269 4295 1413 4360 videtur?

827 4415 845 4450 a

330 4503 344 4558 1
364 4503 453 4572 quial
524 4503 604 4559 21³⁸.
626 4507 668 4568 56,
689 4507 714 4558 5.
786 4508 803 4560 3
823 4509 849 4562 δι
870 4508 923 4562 den
943 4508 1020 4564 brial
1039 4527 1076 4564 au
1096 4510 1279 4568 Gossembrut
1295 4529 1319 4567 s.
1339 4514 1395 4568 141.
