3002 5070
657 439 700 503 39

96 613 244 680 tualibus
265 615 377 681 vicarii
391 615 412 693 ¹,
436 636 495 698 pro
510 635 594 679 nuno
618 613 649 676 in
667 611 780 680 balneo
796 613 934 678 naturali
952 613 1123 680 existentes
1136 611 1158 692 ¹,
1183 615 1251 679 iau-

96 724 186 784 tores
208 720 272 786 mci
295 725 328 785 et
349 725 552 805 preceptores
574 717 717 803 precipui
741 717 805 802 hijs
826 718 937 786 diebus
965 720 1094 805 scriptis
1116 721 1181 785 suis
1203 721 1253 785 in·

94 825 315 912 stigavarunt,
337 828 376 890 nt
396 825 474 909 ipsis
496 823 738 890 advenientibus
754 845 807 889 eos
822 824 990 890 cerciorari
1022 827 1151 910 possim,
1175 826 1252 911 quid

96 952 156 1014 per
179 931 345 1015 principes
366 935 472 995 actum
495 929 538 994 sit
554 926 782 1013 Nuremberge.
829 928 857 992 A
883 929 1008 994 nemine
1032 950 1127 1006 vero,
1150 930 1212 994 nisi
1234 952 1253 994 a

95 1058 128 1121 p.
144 1059 176 1101 v.
200 1036 371 1102 cerciorari
402 1035 513 1114 credo,
537 1055 652 1120 rogans
674 1037 711 1098 ut
733 1033 863 1117 scriptis
883 1035 997 1100 vestris
1020 1034 1100 1100 mihi
1124 1035 1249 1120 signifi·

91 1163 169 1206 care
191 1161 257 1206 nnn
280 1141 399 1226 pigeat.
446 1139 560 1225 Agatis
588 1140 621 1204 in
650 1137 712 1224 hijs
735 1137 850 1204 nedum
881 1139 961 1204 mihi
990 1143 1040 1204 set
1062 1145 1095 1205 at
1118 1139 1252 1224 prefatis

92 1247 234 1312 dominia
260 1251 293 1312 et
316 1247 558 1331 preceptoribus
590 1245 668 1310 meis
702 1266 768 1308 rem
794 1245 1018 1329 gratissimam.
1066 1244 1253 1312 Percrebuit

95 1351 150 1417 hic
173 1356 256 1436 aput
272 1371 330 1416 nos
352 1349 448 1430 fama,
473 1351 635 1417 dominum
652 1347 821 1416 Senensem
834 1350 969 1415 electum
985 1371 1050 1416 esse
1074 1351 1107 1414 in
1125 1372 1251 1434 papam,

92 1457 149 1541 qni
173 1479 209 1521 se
235 1456 340 1522 vocari
354 1455 457 1522 voluit
473 1455 567 1522 Pium
581 1456 762 1522 secundom.
794 1453 996 1520 Paucissimis
1011 1459 1116 1521 tamen
1137 1454 1251 1540 placat,

93 1562 250 1648 quoniam
274 1582 308 1626 ae
331 1582 401 1626 cnrn
426 1562 616 1647 imperatore
636 1559 825 1646 intelligite
871 1559 981 1636 Qualis
997 1560 1121 1640 illesic,
1144 1561 1251 1626 nostis.

571 1767 780 1776 ffl--s

647 1909 704 1983 17.

94 2053 294 2127 Hermann
323 2052 478 2128 Schedel
508 2077 556 2126 an
584 2053 800 2126 Hartmann
830 2049 995 2124 Schedel.
1053 2049 1251 2146 Augsburg

477 2175 573 2249 1458
594 2177 806 2271 september
825 2175 882 2247 16.

346 2330 409 2384 clm.
429 2329 481 2384 418
501 2327 522 2384 i.
541 2327 618 2386 abab.
647 2329 792 2386 Absehrit't
811 2329 992 2383 Hartmanna.

95 2455 384 2542 Ermahnung,
408 2455 631 2542 miiglichst
655 2455 743 2521 bald
769 2451 1091 2520 nachItalicnzu
1109 2453 1249 2538 gehen.

95 2561 228 2626 tadei
268 2561 345 2625 der
386 2561 612 2628 dialelrtile.
678 2559 953 2646 Empfehlung
988 2559 1094 2622 eines
1129 2559 1250 2644 Auga-

147 2667 353 2752 burgate.
398 2665 661 2754 Erwiibnung
685 2667 753 2732 des
776 2666 950 2731 bruders
974 2663 1193 2731 Johannes.

187 2804 331 2872 Caritate
353 2805 508 2890 singulari
533 2805 695 2892 premissa.
743 2806 854 2872 Amice
874 2807 1099 2886 amantissime,
1124 2809 1157 2872 in
1180 2806 1249 2874 lon·

97 2912 148 2995 gis
172 2911 236 2974 ism
261 2911 428 2977 retroactis
449 2912 647 2996 temporibus
676 2933 762 2977 meas
793 2913 832 2976 ad
856 2916 888 2978 to
910 2934 1117 2997 sepenumero
1142 2915 1250 2981 literas

95 3016 177 3094 dedi,
203 3039 266 3102 que
281 3039 379 3101 quare
394 3018 630 3102 responsionem
647 3021 812 3085 consecute
831 3038 894 3084 non
910 3025 995 3100 suut,
1020 3021 1118 3086 miror
1134 3043 1247 3105 quam·

99 3122 287 3206 plurimum.
334 3121 465 3208 Percepi
480 3126 512 3188 te
532 3125 637 3208 sepius
660 3124 770 3190 literas
790 3128 905 3208 patruo
921 3132 1030 3190 nostro
1047 3125 1114 3192 N.‘
1139 3147 1250 3211 qnam·

98 3229 207 3312 plures
232 3227 362 3295 misisse.
408 3227 582 3314 Nunquam
598 3229 737 3315 aliquam
762 3229 841 3294 mibi
864 3235 932 3296 ate
954 3231 1081 3296 missam
1105 3230 1250 3296 intellexi

97 3341 129 3401 et
152 3335 238 3419 qood
262 3334 336 3419 plus
358 3340 421 3413 cst,
450 3357 508 3400 nec
530 3336 591 3400 mei
615 3335 809 3401 mencionem
835 3336 868 3400 in
892 3337 1007 3402 eisdem
1031 3335 1142 3401 iecisse
1154 3385 1250 3402 .....

99 3439 228 3525 ignore,
252 3440 368 3526 quibus
390 3441 518 3505 insudas
540 3444 597 3505 aut
620 3440 735 3525 quibus
757 3440 881 3506 artibus
903 3441 1026 3506 deditus
1050 3462 1082 3506 es
1104 3447 1162 3506 aut
1186 3464 1249 3526 qua

101 3545 254 3612 facultate
284 3544 408 3630 fulgeas
439 3549 471 3610 et
494 3545 577 3629 quod
600 3543 673 3630 plus
696 3551 761 3625 est,
795 3568 835 3610 an
866 3549 898 3612 te
922 3547 954 3610 in
979 3546 1125 3612 humanis
1147 3547 1250 3616 adbuc

666 3687 683 3726 ἢ

175 3809 186 3862 l
209 3807 377 3864 Dcmlrustoa
388 3805 643 3863 unddomdeohant
660 3825 694 3861 zu
704 3808 855 3878 Augsburg
867 3824 888 3861 a.
903 3805 1026 3876 Stcngel,
1046 3805 1248 3864 Commentarii

100 3913 150 3950 rer.
170 3897 243 3964 Aug.
259 3893 340 3949 vind.
357 3895 391 3948 38
410 3894 467 3949 und
486 3891 756 3950 Stadte-Ghrcnilren
786 3893 815 3956 V,
834 3893 896 3948 418.
932 3893 1015 3950 Bcide
1039 3894 1102 3950 sind
1130 3896 1202 3951 auch
1220 3897 1250 3952 in

101 3981 162 4038 dem
186 3981 274 4038 bricia
299 3981 468 4038 Blnmenaus
498 4000 537 4038 an
564 3981 679 4038 Schedel
710 3983 773 4038 1461
802 3983 863 4053 jan.
894 3983 923 4037 ll
949 3983 1048 4053 [natan
1076 4001 1118 4038 nr.
1135 3983 1181 4054 39]
1205 3985 1248 4039 als

102 4068 218 4124 treunde
235 4068 366 4125 Schedels
396 4071 541 4140 genannt;
561 4071 618 4140 vgl.
631 4068 821 4124 wattenbach
839 4069 856 4124 i.
875 4070 903 4125 d.
915 4070 1100 4140 torachungen
1113 4069 1160 4134 XI,
1186 4071 1249 4126 353.

104 4156 152 4212 Eia
171 4157 297 4230 regimen
315 4158 361 4212 lirr
381 4157 426 4213 die
443 4157 569 4214 bedebur
591 4159 700 4214 Gessels
718 4157 796 4212 steht
813 4157 842 4211 in
861 4174 959 4212 unsrar
979 4155 1156 4212 handsohrilt
1175 4158 1250 4214 157.

104 4243 225 4302 Nabaros
244 4245 313 4302 uber
331 4246 381 4300 ihn
401 4264 444 4302 nr.
458 4247 501 4302 59.
541 4247 600 4302 Von
613 4245 736 4301 Kantsch
749 4247 815 4314 aagt
827 4243 968 4301 lohannes
981 4245 1074 4300 Frank
1088 4243 1250 4316 [Steiobeles

103 4334 201 4388 Archiv
220 4335 242 4389 l.
265 4333 299 4390 G.
317 4333 344 4390 d.
365 4331 488 4388 Biatums
508 4334 659 4404 Augsburg
677 4333 711 4396 ll,
730 4333 776 4403 81]
806 4333 848 4388 bei
871 4331 1050 4403 gelegenheit
1068 4333 1142 4390 eines
1161 4333 1250 4389 altar·

102 4420 219 4476 auitam
236 4422 266 4478 in
285 4421 335 4478 der
346 4421 508 4478 domtrirclre
524 4422 607 4478 1447:
628 4437 674 4476 »er
689 4423 782 4491 pcwet
795 4421 866 4475 auch
885 4423 965 4476 sunst
984 4419 1023 4474 vil
1035 4437 1142 4492 grosser
1161 4437 1249 4492 perv«.

105 4508 195 4564 tccd.
214 4509 405 4566 semesum.
485 4507 584 4580 avgl.
605 4509 698 4580 Voigt‚
719 4509 795 4566 Euae
812 4507 899 4567 silvio
918 4507 967 4574 ltl,
986 4509 1028 4566 38.
1113 4511 1128 4561 1
1150 4509 1248 4565 Marco.
