3002 5070
663 410 705 474 23

105 605 170 650 non
195 582 318 648 fuisset.
365 580 446 657 Quid
466 583 550 648 enim
567 584 596 648 ei
620 585 805 670 precipiam,
829 609 922 673 quem
947 589 980 654 in
1006 590 1066 656 hoc
1089 593 1258 675 presertim

105 708 225 774 genere
247 685 430 771 intelligam
453 688 625 770 prudentia
647 711 713 754 esse
736 712 800 758 non
824 692 1011 760 inferiorem
1029 718 1089 776 me,
1113 717 1172 762 usu
1189 718 1261 762 vero

106 792 209 858 eciam
230 791 530 875 superioreml....
556 791 728 878 Reliquum
752 800 801 861 est
823 801 860 862 ut
884 803 916 864 te
939 821 1037 880 orem,
1062 823 1101 866 ne
1124 801 1262 886 pristina

105 897 215 962 studia
237 896 440 982 derelinquas
463 902 495 962 et
517 903 555 963 ut
577 899 610 963 iu
635 900 836 967 abundancia
858 908 1062 987 negociorum
1086 906 1261 972 valetudini

105 1007 160 1067 tue
193 1002 438 1086 diligentissime
469 1005 596 1072 servias.
650 1004 731 1070 Vale
763 1007 921 1074 foeliciter
950 1015 985 1075 tu
1016 1015 1048 1074 et
1081 1011 1166 1076 filins
1188 1017 1262 1078 tuus

104 1105 277 1172 Udalricus
298 1112 396 1194 atque
419 1113 488 1174 tota
504 1109 636 1190 soboles,
660 1133 768 1195 ymmo
785 1114 969 1180 universum
985 1115 1165 1198 imperium,
1189 1117 1260 1200 dig-

102 1215 237 1280 nissime
261 1219 380 1299 pretor,
407 1215 522 1282 valeat.
572 1216 616 1282 Ex
640 1215 741 1282 Roma
770 1219 875 1286 idibus
908 1219 1259 1304 marcijsaun01458.

657 1446 713 1519 ll.

101 1567 322 1661 Sigismund
362 1567 605 1641 Goasembrot
652 1593 700 1642 an
746 1569 998 1666 Hieronymus
1031 1572 1258 1666 Retenpeck.

500 1691 715 1789 [Augsburg
747 1693 872 1790 1458}

206 1827 271 1884 ulm.
289 1826 341 1882 424
359 1827 379 1884 f.
397 1828 464 1882 298δ
493 1827 536 1884 bis
555 1830 607 1884 302
626 1829 683 1884 und
702 1829 765 1885 clm.
784 1832 854 1886 4016
873 1831 893 1888 f.
913 1833 947 1886 24
966 1830 994 1885 ff.
1020 1831 1072 1886 wie
1090 1832 1169 1888 oben.

430 1925 624 1991 Antwort
646 1949 729 1991 sum
752 1928 942 2012 rotigen.

194 2066 420 2152 Sigismuudus
436 2065 632 2152 Hyerunimo
647 2087 705 2132 suo
719 2059 856 2132 salut'em
872 2066 1044 2150 plurimam
1056 2066 1145 2132 dicit.
1180 2067 1259 2152 Legi

101 2181 178 2240 tuas
202 2171 408 2256 gravissimas
430 2171 572 2252 litteren,
603 2172 634 2236 iu
660 2172 776 2258 quibus
799 2172 970 2238 mirificum
994 2177 1085 2237 tuum
1109 2193 1185 2258 erga
1209 2195 1258 2238 me

99 2301 245 2346 amorem
263 2277 442 2360 recognovi.
488 2275 657 2342 Videbaris
673 2278 757 2343 enim
775 2299 838 2343 uon
861 2277 965 2344 solum
989 2277 1082 2342 nobis
1105 2278 1211 2344 favere
1226 2279 1257 2344 id

99 2385 190 2472 quod
213 2384 260 2448 rei
284 2383 411 2466 publice
433 2403 527 2448 causa
549 2383 687 2468 suscepi,
711 2387 760 2448 set
783 2383 880 2450 eciam
905 2404 1036 2469 gravem
1059 2405 1168 2450 curam
1190 2407 1258 2450 sus·

97 2491 225 2574 cepisse
251 2488 516 2574 vehementerque
538 2488 578 2554 de
599 2509 735 2554 maesse
757 2487 943 2568 sollicitum,
968 2489 1001 2552 in
1026 2489 1133 2573 eisque
1156 2491 1259 2555 omnis

99 2594 279 2662 admiracio
302 2595 433 2677 ingenij‚
456 2595 560 2658 omnis
580 2594 650 2659 laus
674 2595 859 2679 eloqueueie
884 2593 1080 2658 continetur.
1126 2593 1185 2674 Tu,
1209 2595 1257 2661 in-

98 2724 220 2789 quam,
244 2721 287 2778 es,
319 2700 375 2783 qui
397 2697 565 2778 distincte,
589 2699 645 2784 qui
667 2699 843 2783 explicate,
868 2699 923 2784 qui
947 2698 1177 2778 habundanter,
1202 2701 1260 2784 qui

98 2807 287 2874 illuminate
323 2810 355 2870 et
388 2805 494 2869 serbis
524 2809 558 2868 et
588 2805 757 2889 sentencijs
780 2804 899 2870 dixisti.
951 2801 1043 2869 Haud
1078 2805 1259 2870 mirandum

98 2919 161 2992 eat,
186 2915 310 2976 tantam
336 2910 367 2974 in
391 2914 423 2974 te
446 2930 513 2974 esse
536 2909 660 2975 dicendi
683 2910 734 2975 vel
756 2911 821 2974 rim
843 2911 895 2975 vel
917 2911 1107 2976 suavitatem
1131 2910 1180 2976 vel
1204 2932 1257 2976 co·

99 3022 201 3105 piam,
226 3037 321 3103 quem
345 3015 473 3100 quidem
496 3038 516 3081 a
538 3020 654 3080 natura
676 3017 746 3100 ipsa
762 3037 833 3081 reor
849 3019 962 3082 ornate
985 3016 1098 3094 dicere,
1123 3020 1161 3079 ut
1175 3015 1255 3081 mihi

99 3147 169 3192 non
189 3123 293 3189 solum
317 3125 426 3187 orator
448 3143 601 3198 summus,
627 3125 676 3186 set
694 3121 792 3188 eciam
815 3120 1069 3206 sapientissimus
1091 3121 1185 3186 homo
1209 3121 1257 3186 vi-

99 3229 198 3296 derie
246 3226 342 3294 Nunc
364 3227 523 3313 intelligo,
547 3227 605 3292 illa
629 3232 661 3292 te
684 3249 810 3312 semper
832 3229 963 3312 pociora
985 3227 1110 3302 dixisse,
1135 3249 1197 3311 que
1219 3229 1257 3292 ud

98 3335 296 3420 sapienciam
320 3337 467 3417 spectant
489 3339 637 3419 atqueax
652 3333 807 3399 hochanc
823 3333 946 3398 dicendi
970 3332 1094 3415 copiam
1118 3332 1257 3412 fluxisse,

99 3447 152 3506 set
181 3446 288 3504 temen
323 3461 394 3504 cum
431 3444 549 3504 etatem
581 3439 729 3504 recordor
759 3443 849 3504 tuam
878 3459 1013 3522 cumque
1041 3437 1140 3502 vitam
1168 3442 1256 3503 tuam

100 3569 138 3611 ac
161 3546 268 3611 studia
289 3544 465 3624 considero,
489 3566 591 3628 neque
615 3566 677 3629 quo
694 3549 837 3628 tempore
860 3545 924 3609 ista
948 3543 1105 3621 didiceris,
1129 3543 1257 3609 invenio

101 3651 250 3717 atriden
274 3672 332 3716 nec
355 3672 518 3735 nunquam
542 3670 735 3734 magnopere
759 3655 791 3714 te
806 3649 845 3714 ad
869 3649 1050 3714 facundiam
1074 3649 1158 3714 sicut
1181 3671 1256 3732 poe-

102 3758 198 3823 ticam
230 3763 334 3822 artem
363 3755 507 3820 intellexi
541 3756 698 3832 deditum,
732 3778 793 3842 que
828 3757 936 3821 omnia
959 3756 1060 3840 magis
1082 3755 1258 3820 admiratus

101 3885 181 3940 sum,
206 3883 302 3946 quam
325 3860 392 3939 illa,
415 3883 478 3947 qne
499 3861 580 3926 mihi
602 3863 771 3946 persuades
803 3862 941 3926 maxima
969 3858 1039 3925 fore
1074 3859 1258 3925 adiumenta

101 3969 141 4032 ad
165 3971 244 4032 bene
271 3967 512 4052 gubernandum
546 3965 584 4050 [f.
609 3965 686 4054 299]
722 3989 788 4032 rem
823 3967 993 4052 publicam.
1045 3963 1135 4040 Quod
1169 3965 1254 4030 enim

104 4094 218 4140 munus
241 4073 288 4138 rei
311 4072 439 4156 publice
460 4072 576 4138 afferre
598 4074 699 4138 maius
722 4073 875 4137 meliusve
900 4091 1087 4155 possumus,
1111 4091 1205 4154 quarn
1230 4070 1255 4133 si

102 4179 143 4244 ab
164 4177 236 4261 nlijs
262 4180 411 4244 docemur
442 4183 540 4264 atque
562 4179 725 4246 erudimur
759 4179 823 4262 hijs
854 4178 1020 4262 presertim
1057 4177 1197 4241 moribus
1219 4197 1256 4241 ac

103 4285 317 4368 temporibus,
348 4285 464 4371 quibus
497 4307 598 4369 genus
630 4287 803 4351 humanum
835 4284 882 4350 ita
914 4283 1098 4368 prolapsum
1123 4287 1187 4360 est,
1219 4285 1256 4346 ut

105 4391 244 4456 omnium
268 4389 388 4456 auxilio
404 4392 594 4457 refrenanda
617 4397 649 4456 et
665 4391 860 4458 cohercenda
874 4391 918 4455 sit
934 4394 1026 4455 tanta
1042 4388 1255 4473 perversitas!

108 4495 192 4561 Bene
214 4501 357 4582 apparet,
382 4517 439 4560 nos
462 4497 495 4560 iu
521 4495 634 4560 ultima
656 4499 741 4562 etate
765 4517 831 4562 esse
854 4497 1057 4574 constitutos,
1089 4499 1126 4559 ut
1149 4495 1256 4580 inquit
