3002 5070
157 4728 222 4768 h„

796 414 839 479 24

240 592 388 659 Ovidius:
430 591 496 654 »De
516 591 595 654 duro
615 595 664 653 est
686 590 800 654 ultima
816 589 911 657 ferro.
950 588 1101 654 Protinus
1120 587 1304 678 irru[m]pit
1320 615 1398 658 vena

241 699 358 783 peioris
387 698 420 762 in
453 718 543 762 evum
567 717 659 762 omne
681 695 821 780 nephas,
845 693 958 780 fugere
980 694 1085 779 pudor
1105 717 1279 780 rerumque
1303 697 1396 762 fides-

241 827 312 890 que,
328 805 508 888 inquorum
524 802 648 866 subiere
660 801 763 866 locum
776 800 965 884 fraudesque
980 799 1119 884 dolique,
1136 800 1347 889 insidie[que]
1365 808 1396 867 et

240 910 288 975 vis
311 914 343 974 et
365 931 453 975 amor
482 909 653 974 sceleratus
686 907 853 972 habendi«
900 905 982 982 Quid
1014 906 1141 971 multa?
1182 904 1334 972 »Vivitur
1358 931 1396 974 ex

242 1021 344 1099 rapto,
367 1037 430 1080 non
454 1015 568 1098 hospes
594 1015 635 1080 ab
657 1014 784 1098 bospite
805 1018 906 1093 tutus,
934 1033 997 1076 non
1021 1031 1150 1076 socero
1173 1034 1303 1094 genero,
1326 1012 1395 1078 fra·

242 1124 328 1185 trum
352 1141 477 1205 quoque
508 1121 616 1206 gracia
650 1143 722 1186 rara
754 1123 810 1184 est.
858 1117 1009 1182 Imminet
1033 1117 1134 1183 exicio
1157 1118 1207 1182 vir
1237 1119 1394 1204 coniugis,

241 1224 298 1289 illa
319 1226 448 1304 mariti,
477 1223 583 1290 lurida
604 1225 765 1290 terribiles
798 1225 934 1290 miscent
956 1223 1083 1288 aconita
1105 1244 1246 1288 noverca.
1294 1224 1395 1290 Filius
1499 1270 1500 1273 ,

241 1335 315 1395 ante
338 1331 421 1395 diem
438 1330 558 1415 patrios
574 1331 710 1416 inquirit
733 1331 766 1395 iu
782 1350 891 1408 annos,
914 1328 1000 1393 victa
1025 1328 1105 1392 iacet
1126 1327 1230 1412 pietas
1254 1335 1287 1393 et
1303 1329 1396 1415 virgo

243 1437 316 1499 cede
334 1436 496 1502 madentes
509 1435 625 1501 ultima
641 1436 790 1500 eelestum
808 1441 911 1500 terras
926 1433 1043 1498 astrea
1059 1433 1220 1518 reliquit«
1239 1433 1248 1470 ¹
1272 1434 1395 1500 Huius-

241 1540 361 1604 cemodi
393 1545 447 1605 tue
475 1562 597 1607 summe
622 1541 793 1626 prudencie
823 1539 944 1624 optime
976 1543 1052 1604 sunt
1081 1538 1219 1622 cognita.
1269 1539 1394 1606 Vellem
1499 1578 1500 1613 2

241 1643 424 1709 concivibus
445 1646 523 1710 meis
538 1647 731 1731 optimarum
748 1645 868 1712 arcium
893 1646 942 1710 vie
968 1644 1086 1709 tradite
1109 1644 1254 1723 fluissent,
1278 1647 1396 1732 quibus

245 1750 381 1814 maxime
404 1751 585 1835 prudentes,
611 1756 792 1816 constantes
814 1757 846 1815 et
863 1750 1026 1834 elegantes
1049 1749 1296 1815 arbitrarentur.
1330 1750 1392 1816 Fa·

242 1854 387 1918 ciendum
402 1876 477 1919 sane
494 1861 585 1933 esset,
609 1859 646 1920 ut
661 1877 769 1920 omnes
785 1854 1000 1919 adulescentes
1019 1889 1062 1900 —
1081 1854 1135 1938 qui
1162 1876 1180 1918 a
1203 1857 1269 1919 suis
1293 1858 1393 1922 maio·

245 1958 333 2023 ribus
355 1981 448 2044 opem
471 1959 684 2025 haberent-
701 1982 734 2024 se
756 1960 795 2023 ad
819 1959 878 2023 hec
898 1957 1109 2022 humanitatis
1132 1960 1237 2025 studia
1260 1981 1392 2026 conser-

242 2069 357 2144 terent,
381 2065 496 2149 quibus
519 2066 690 2150 aliquando
706 2086 799 2150 quam
818 2063 966 2148 plurimis
982 2069 1110 2148 possent
1127 2066 1284 2149 prodesse,
1308 2069 1393 2151 quod
1498 2109 1499 2118 κ

242 2176 403 2235 eteorum
428 2171 463 2235 in
486 2192 521 2235 re
544 2170 673 2257 publica
705 2171 768 2236 late
802 2175 912 2256 patere
945 2175 1051 2253 posset
1081 2170 1248 2235 industria
1296 2171 1396 2257 [lolgt

242 2275 292 2338 ein
329 2273 466 2361 lauriges
489 2277 543 2342 lob
579 2278 634 2342 der
664 2281 748 2341 artes
779 2275 925 2340 liberales
958 2276 1022 2340 und
1055 2275 1214 2358 vergleich
1250 2277 1311 2341 mit
1333 2279 1393 2343 den

243 2380 460 2466 brodsludien]
475 2432 482 2446 .
496 2432 525 2447 ..
542 2380 623 2458 Quid
649 2381 751 2447 dicam
766 2381 805 2446 de
821 2380 1007 2444 liberalibus
1025 2380 1149 2444 artibus
1163 2385 1297 2465 totaque
1319 2383 1394 2466 phi·
1499 2456 1500 2467 χ

243 2486 416 2570 losophia?
453 2486 521 2552 Hec
551 2488 634 2553 enirn
658 2488 719 2551 nisi
741 2490 856 2552 ornatu
886 2485 1055 2550 verborum
1089 2489 1121 2548 et
1143 2485 1211 2548 stili
1235 2487 1394 2552 suavitate
1499 2516 1500 2553 1

242 2595 431 2671 tractentur,
454 2592 540 2678 fugit
562 2599 596 2659 et
618 2594 659 2658 ab
682 2615 789 2658 earum
813 2592 950 2658 lectione
984 2591 1136 2656 abhorret
1159 2592 1294 2658 animus.
1331 2593 1395 2659 Illa

243 2717 318 2760 sero
341 2698 612 2764 sanctissimarum
637 2697 745 2782 legum
768 2703 800 2763 et
820 2696 923 2762 civilis
940 2697 1018 2761 iuris
1033 2697 1266 2782 preclarissima
1289 2700 1393 2764 scieu-

242 2803 288 2866 tia
319 2808 473 2887 quantum
506 2803 574 2868 sine
607 2803 767 2869 rhetorica
798 2805 874 2870 duca
907 2826 943 2869 ac
978 2803 1094 2868 comite
1128 2825 1318 2886 persuasura
1342 2807 1396 2884 sit,

243 2911 396 2992 quantum
430 2915 599 2973 exoratura
629 2913 791 2992 pretores,
823 2908 960 2987 iudices,
995 2907 1204 2991 magistratus
1226 2914 1260 2974 et
1282 2931 1393 2975 eorum

242 3015 364 3076 mentes
398 3012 436 3076 ad
459 3013 555 3092 iram,
586 3013 625 3079 ad
658 3013 779 3090 odium,
811 3013 850 3077 ad
873 3012 1011 3078 dolorem
1035 3013 1251 3093 concitatura,
1280 3015 1328 3080 rel
1354 3017 1395 3082 ad

244 3115 491 3182 misericordiam
525 3117 755 3203 lenitatemque
779 3121 965 3182 revocatura
996 3119 1054 3196 sit,
1086 3140 1149 3184 non
1184 3141 1259 3185 sane
1290 3122 1393 3201 video,

243 3222 447 3307 quamobrem
471 3223 566 3289 buius
588 3221 706 3290 senili²
729 3224 811 3288 vicia
827 3225 942 3288 merito
956 3223 1151 3308 deploranda
1166 3232 1281 3293 essent.
1316 3226 1393 3292 Pre-

242 3332 465 3414 statuamque
489 3332 607 3414 priscos
631 3330 704 3395 illos
727 3331 812 3395 viros
835 3334 867 3395 et
892 3331 921 3393 in
949 3331 1034 3394 omni
1057 3330 1178 3395 virtute
1202 3331 1394 3398 excellentes

243 3433 376 3498 maiores
399 3440 524 3500 nostros
547 3436 697 3500 admirari
731 3440 763 3498 et
785 3434 931 3499 laudibus
954 3438 1122 3520 prosequi,
1155 3437 1210 3521 qui
1234 3435 1292 3502 bas
1315 3439 1394 3504 duas

242 3540 290 3603 ita
312 3538 512 3615 commixtas,
550 3542 597 3605 ita
618 3541 762 3623 cognitas
786 3541 942 3618 habuere,
975 3546 1011 3605 ut
1044 3542 1202 3606 neminem
1227 3563 1335 3609 eorum
1361 3547 1394 3610 in

243 3645 343 3708 causis
367 3644 544 3729 iudiciarijs
578 3645 821 3730 forensibusque
849 3648 1073 3731 controversijs
1102 3653 1261 3712 versatum
1295 3649 1394 3716 fuisse

244 3749 447 3814 manifestum
472 3752 575 3837 est(!),
600 3755 653 3837 qui
679 3773 741 3817 non
765 3752 874 3816 orandi
899 3757 1050 3836 precepta
1079 3773 1232 3837 usumque
1255 3754 1394 3840 diligen-

244 3855 366 3919 tissime
383 3857 530 3922 tenuerit.
577 3856 632 3942 Hij
651 3880 713 3923 non
730 3857 800 3921 auri
817 3858 993 3940 cupiditate
1008 3857 1197 3944 flagrabant,
1214 3858 1276 3940 hijs
1292 3882 1392 3926 unum

243 3960 441 4044 propositum
466 3971 534 4028 erat
558 3985 642 4043 eura,
667 3963 836 4042 industria,
859 3985 965 4047 opera,
989 3969 1026 4028 ut
1041 3985 1131 4048 reges
1152 3968 1189 4028 ut
1204 3964 1342 4048 populos
1358 3975 1396 4033 ut

244 4066 390 4130 naciones
414 4071 450 4132 ut
472 4090 522 4134 res
545 4071 689 4154 publicas
714 4075 880 4134 tuerentur
903 4069 1225 4155 atquedelenderent.
1272 4069 1392 4137 Verum

243 4171 403 4235 enimvero
426 4195 488 4238 une
505 4176 639 4260 quedam
662 4197 786 4240 summa
801 4175 867 4240 illis
883 4176 1048 4260 proposita
1064 4196 1182 4239 meroes
1205 4181 1285 4255 erat,
1310 4180 1393 4263 quod

243 4277 386 4342 inomni
416 4277 516 4344 libero
549 4280 667 4365 populo
704 4280 736 4343 in
760 4281 1008 4366 tranquillisque
1032 4281 1202 4365 provinciis
1225 4279 1393 4363 florebant,

316 4453 326 4503 l
350 4451 533 4522 Metamorpb
553 4453 574 4520 l,
597 4453 646 4508 128
666 4453 693 4508 ff.
795 4397 818 4516 ll
840 4453 946 4510 Vorher
970 4454 1008 4510 ist
1033 4457 1116 4514 seculi
1135 4457 1391 4526 durchgestricbcu.

246 4537 316 4595 wohl
337 4539 388 4592 mit
406 4539 530 4595 uureebt.
