3002 5070
631 429 673 494 55

74 603 209 687 rimn(m)
235 606 392 690 impartit.
427 605 610 692 Numquam
642 607 768 672 litteras
799 613 869 674 tuas
893 608 984 694 lego,
1017 611 1094 696 quin
1119 611 1226 676 animo

73 712 269 796 voluptatem
292 713 474 798 percipiam.
521 713 652 799 Semper
676 716 759 781 enim
784 715 924 801 aliquam
949 715 1111 801 egregiam
1135 715 1225 782 utili·

74 821 167 882 tatem
199 819 234 882 in
258 819 324 884 illis
346 821 523 904 comperio,
555 842 627 887 cum
659 820 710 887 vel
744 820 937 888 consulendo
959 823 1008 886 rel
1031 821 1228 888 admonendo

73 922 178 1000 ellicie,
210 927 249 988 ut
284 946 335 989 me
361 925 543 1006 doctiorem,
567 924 730 992 meliorem
761 948 799 992 ao
822 926 1062 1010 prudenciorem
1096 926 1128 990 in
1162 925 1227 990 dies

76 1029 212 1094 reddam.
260 1027 315 1093 Set
338 1028 541 1110 incredibile,
574 1035 694 1115 quanto
716 1031 851 1096 nuncius
878 1030 946 1114 ipse
969 1053 1019 1096 me
1042 1032 1157 1117 gaudio
1180 1031 1228 1095 ef·

75 1132 191 1212 iecerit,
217 1135 276 1220 qni
299 1135 378 1201 mibi
410 1137 448 1200 de
471 1135 667 1201 novitatibus
696 1137 729 1202 in
763 1135 935 1202 Germania
957 1136 1129 1221 diligenter
1153 1156 1226 1220 per·

76 1241 235 1306 mactanti
270 1241 499 1324 respondebat,
526 1246 558 1305 te
580 1261 705 1306 omnem
729 1245 848 1306 etatem
873 1245 960 1305 tuam
985 1241 1018 1304 in
1042 1240 1229 1325 republica

75 1365 259 1412 consumere
283 1367 385 1431 neque
408 1349 465 1410 aut
487 1344 611 1410 labores
634 1344 716 1410 ullos
744 1347 801 1410 aut
831 1345 974 1429 pericula
996 1368 1145 1431 nmquam
1170 1367 1229 1430 pro

74 1449 125 1514 illa
148 1451 273 1533 fugere.
319 1449 485 1533 Sapienter
509 1448 635 1534 quidem
659 1452 757 1534 atque
783 1449 951 1534 magnifice
974 1449 1053 1535 agis,
1077 1450 1228 1534 quoniam

74 1555 178 1620 Cicero
201 1576 263 1620 nos
286 1555 318 1618 in
342 1553 425 1620 libro
447 1575 504 1620 suo
528 1555 565 1619 de
588 1554 703 1620 officiis
725 1554 890 1620 adhortari
905 1555 1060 1635 visusest,
1083 1577 1154 1622 cum
1178 1555 1228 1619 in·

74 1660 155 1744 quit:
195 1659 294 1726 »Non
317 1659 420 1724 solum
443 1660 535 1725 nobis
559 1660 627 1724 nati
650 1680 759 1724 sumus
773 1663 926 1746 artusque
941 1663 1054 1742 nostri,
1076 1662 1130 1727 sed
1154 1683 1228 1744 par-

77 1771 135 1829 tem
159 1766 281 1850 patria,
312 1769 435 1849 partem
466 1765 561 1831 amici
584 1765 645 1830 sibi
669 1765 855 1831 vendicant«
876 1815 1035 1832 .......
1060 1765 1230 1832 Gloriabor

76 1875 176 1936 tamen
200 1874 235 1936 et
261 1869 321 1936 tibi
339 1869 430 1936 valde
445 1871 634 1955 gratulabor
660 1868 693 1958 [f.
712 1869 812 1958 sam,
836 1871 863 1936 si
887 1894 962 1956 sepe
977 1871 1174 1952 intellexero,
1198 1876 1231 1936 te

75 1975 213 2042 officium
237 1980 342 2055 tuum,
366 1976 451 2061 quod
472 1975 676 2041 vehementer
708 1975 748 2040 ab
771 1976 919 2042 omnibns
943 1976 1159 2054 desideratur,
1184 1977 1229 2041 rei

77 2080 200 2163 publice
223 2085 395 2164 prestanse,
419 2080 497 2145 haut
512 2081 544 2146 id
562 2079 630 2145 sine
646 2081 782 2146 racione.
829 2080 1004 2146 Maximum
1021 2081 1105 2145 enirn
1124 2081 1230 2146 leticie

76 2184 213 2250 fractum
236 2185 342 2270 capio,
366 2185 516 2270 quociens
538 2185 667 2270 aliquod
690 2208 709 2250 a
732 2191 764 2250 te
787 2187 948 2270 sapienter
971 2187 1150 2272 cogitatum
1174 2193 1229 2252 aut

80 2291 253 2373 prudenter
275 2292 394 2358 tactum
418 2291 522 2356 audio.
569 2290 670 2377 Perge
694 2291 803 2376 itaque
826 2295 861 2356 ut
884 2291 995 2375 cepisti
1021 2296 1063 2371 et,
1085 2291 1113 2355 si
1135 2289 1230 2356 laude

78 2395 229 2462 bonorum
255 2395 417 2462 hominum
440 2397 600 2483 gloriaris,
624 2419 688 2463 non
710 2395 897 2483 defatigeris
920 2396 953 2460 in
972 2418 1009 2462 eo
1024 2416 1140 2480 genere
1164 2395 1228 2460 rir-

78 2501 160 2578 tntis,
185 2502 219 2566 in
246 2523 309 2587 quo
334 2522 450 2586 magno
475 2502 520 2566 rei
544 2501 671 2586 publice
693 2507 726 2568 et
747 2501 858 2568 amicis
881 2508 972 2588 potes
996 2523 1062 2567 esse
1078 2501 1227 2585 presidio.

77 2602 280 2672 considerare
303 2629 415 2690 nempe
437 2627 644 2691 sepenumero
661 2643 702 2656 --
717 2608 745 2672 ei
772 2605 883 2692 aliqua
897 2606 1104 2690 gratitudinis
1128 2607 1229 2690 parti·

78 2711 142 2776 cula
164 2712 197 2778 in
214 2713 263 2777 eis
277 2719 359 2778 esset
373 2749 417 2760 -
434 2713 578 2780 concives
593 2715 641 2778 tui
666 2714 828 2811 deberent,
852 2735 946 2798 qnam
963 2712 1110 2797 diligens,
1135 2733 1229 2796 quam

79 2823 221 2884 accurata
239 2819 395 2884 maiorum
415 2824 594 2884 nostrorum
611 2817 709 2884 fuerit
725 2820 929 2898 cousuetudo,
946 2840 1009 2903 qua
1033 2817 1112 2882 bene
1135 2817 1174 2881 de
1197 2838 1230 2880 re

81 2921 205 3004 publica
239 2924 435 2990 merentibus
466 2925 641 2990 mercedem
665 2945 701 2989 ao
724 2924 846 3008 premia
877 2923 975 3006 digna
1013 2922 1230 2987 decreverunt.

80 3025 156 3112 dlije
188 3029 274 3094 enim
310 3049 460 3107 coronas,
492 3029 565 3114 alijs
587 3033 729 3110 statuas,
760 3029 832 3113 alijs
856 3027 1036 3112 triumphos
1062 3031 1231 3112 ceteraque

80 3132 107 3196 id
122 3133 156 3214 (Ι)
179 3133 309 3220 generis
331 3134 528 3200 dedicabant.
577 3133 690 3200 Pulcra
712 3134 928 3200 mediusfidius
954 3132 1012 3197 hee
1037 3138 1069 3197 et
1091 3152 1111 3195 a
1133 3153 1230 3216 gene·

82 3237 154 3301 rosis
169 3239 287 3304 animis
301 3239 492 3323 adoptando,
515 3249 561 3318 ut,
584 3262 644 3325 que
659 3241 812 3306 virtutem
828 3241 985 3319 nutriant,
1008 3242 1041 3302 et
1063 3258 1133 3302 oum
1157 3257 1230 3321 pre·

84 3347 181 3408 sentes
202 3350 272 3410 tum
289 3350 433 3428 posteros
447 3346 486 3410 ad
505 3350 589 3410 recte
612 3345 780 3412 vivendum
795 3344 902 3430 aut(!)
925 3343 1061 3420 laudem,
1083 3343 1123 3407 ad
1139 3341 1232 3407 decus

85 3445 232 3530 allicieut,
255 3450 399 3516 animent
421 3454 454 3516 et
477 3451 656 3516 incendant.
696 3449 793 3516 Aliud
817 3453 886 3514 erat
909 3448 1033 3513 illustre
1048 3467 1123 3512 sane
1146 3467 1230 3512 reso-

84 3553 300 3619 nantissimunr
324 3554 517 3638 premiorum
542 3576 653 3639 genus,
683 3555 812 3620 domina
826 3575 863 3618 ac
885 3553 998 3636 regina
1021 3573 1137 3630 rerum,
1160 3573 1231 3616 ora·

83 3658 136 3737 cio,
157 3681 219 3745 qne
241 3661 345 3725 claros
368 3661 465 3740 viros,
491 3683 553 3747 que
581 3659 726 3746 populos,
750 3683 811 3746 que
833 3659 981 3725 naciones
1004 3679 1042 3752 ex
1065 3657 1234 3722 vetustatis

85 3765 234 3830 morsibus
256 3764 409 3849 eripiens,
438 3766 682 3832 immortalitate
705 3768 848 3832 donaret.
894 3764 963 3830 Hac
979 3768 1011 3828 te
1026 3764 1152 3841 donare,
1176 3783 1232 3845 pa·

85 3869 127 3930 tar
147 3869 363 3957 integerrime,
386 3876 419 3936 et
441 3893 500 3956 pro
516 3873 579 3937 tuis
602 3873 734 3937 summis
757 3871 789 3936 in
813 3874 954 3936 nostram
979 3890 1046 3934 rem
1069 3868 1230 3954 publicam

87 3975 199 4040 meritis
222 3997 337 4041 ornare
359 3997 516 4061 euperem,
540 3977 566 4041 si
583 3999 646 4063 qua
669 3977 748 4042 mihi
772 3976 822 4042 rel
844 3975 975 4060 ingenio
997 3974 1048 4038 vel
1071 3972 1231 4038 industria

87 4077 153 4144 data
182 4088 239 4147 ant
273 4086 458 4167 comparata
490 4081 625 4146 facultas
657 4087 755 4159 esset,
790 4102 851 4166 que
874 4079 1005 4145 eximias
1029 4077 1137 4142 laudes
1160 4081 1231 4141 tuas

87 4189 224 4271 consequi
249 4192 376 4274 posset,
408 4191 441 4252 et
464 4188 614 4272 quoniam
643 4224 682 4237 -
706 4191 742 4252 ut
766 4184 945 4252 concivium
970 4189 1099 4248 tuorum
1125 4187 1233 4267 partes

88 4293 236 4378 suscipere
258 4293 366 4359 videar
393 4293 565 4378 -dignae
588 4297 697 4377 grates
719 4292 839 4358 referre
869 4297 902 4356 et
932 4288 1025 4354 rebus
1060 4289 1138 4373 ipsis
1160 4311 1233 4372 per-

89 4395 198 4464 solvere
219 4399 361 4484 ipsorum
382 4397 517 4486 op[er]is
545 4421 608 4464 nou
633 4404 698 4477 est,
731 4400 813 4463 hano
836 4419 937 4462 meam
962 4394 1130 4478 epistulam
1155 4414 1226 4457 eon·

94 4502 322 4582 gratulatoriam
348 4504 446 4570 relati
470 4505 572 4569 tocius
595 4505 705 4589 populi
725 4502 937 4588 Augustensis
953 4500 1040 4564 virae
1065 4521 1163 4576 voces,
1187 4499 1232 4562 in·
