2990 5068
612 401 674 467 123

51 596 69 636 a
91 577 125 636 te
150 575 255 658 diligi
279 575 441 658 reciproca
463 575 637 644 dileccione
671 575 816 661 pluribus
839 577 932 642 rebar
954 577 1215 660 argumentis...

53 677 135 744 Vale
161 685 198 746 et
222 681 366 746 studiose
389 681 494 765 incipe
514 682 549 746 in
572 680 665 748 scolis
682 681 765 746 dicte
781 681 904 746 mistice
921 681 1083 765 theologie
1107 682 1215 768 dispu-

52 789 133 862 tare,
158 789 196 849 et
222 785 342 850 harum
367 785 500 852 latorem
525 807 657 851 vacuum
688 786 753 852 tuis
782 785 887 852 literis
910 809 973 852 non
998 787 1083 852 sinas
1107 788 1145 852 ad
1170 809 1219 853 me

53 889 170 954 redire.
224 889 272 954 nx
291 888 457 976 Dillingen
486 891 555 974 ipso
577 891 628 956 die
650 888 783 955 Veneris
811 895 886 956 ante
919 889 1035 956 festum
1066 891 1217 975 purifica-

53 993 157 1060 cicnis
180 995 237 1059 dei
263 995 431 1080 genitricis
455 1017 538 1062 anno
560 995 681 1062 domini
705 994 878 1060 millesimo
901 996 1217 1082 quadringentesimo

55 1100 264 1186 sexagesimo
287 1102 409 1187 quinto.

614 1511 674 1585 co.

60 1651 265 1727 Leonhard
298 1655 425 1728 Gessel
455 1677 503 1726 an
542 1651 720 1727 Heinrich
748 1651 834 1724 bur.
878 1651 1080 1746 Augsburg
1122 1651 1217 1725 1465

538 1775 632 1849 febr.
664 1768 755 1848 27.ι

373 1931 437 1985 clm.
455 1927 542 1986 24847
561 1931 579 1986 l.
598 1931 730 1987 stt-to.
765 1927 917 1984 Absclrrift.

64 2051 207 2119 Danlrt
232 2054 295 2118 ltlr
316 2054 380 2119 die
404 2053 738 2140 ermahnnngen,
761 2053 886 2118 denen
904 2052 1104 2137 erfolgen
1126 2052 1218 2120 will.

146 2195 231 2261 Post
252 2196 390 2260 salutem
416 2193 588 2278 plurimam
611 2215 683 2260 cum
698 2194 748 2258 sui
772 2195 1091 2260 recommendacione.
1141 2193 1218 2260 Vel·

63 2299 134 2380 lem,
170 2301 390 2368 amantissime
417 2299 535 2381 frater,
565 2299 745 2364 dulcissime
787 2303 843 2364 tue
871 2300 1054 2365 transmisse
1084 2300 1218 2386 epistole

64 2427 154 2470 sensu
179 2413 217 2472 et
238 2409 355 2472 ornatu
378 2404 598 2490 limpidissime
621 2410 788 2490 pergratas
811 2404 941 2469 reddere
965 2403 1058 2483 vices,
1083 2405 1136 2469 sed
1160 2404 1216 2468 ob-

64 2511 226 2577 stantibus
247 2510 395 2596 pluribus
411 2511 470 2578 hoc
486 2511 653 2590 modicum,
678 2511 761 2596 quod
778 2532 817 2576 ex
832 2511 925 2576 corde
940 2510 1050 2590 offero,
1075 2511 1216 2594 recipies.

66 2611 223 2682 lectitavi
255 2639 393 2702 namque
424 2617 536 2683 crebro
569 2617 736 2702 epistolam
760 2616 866 2696 illam,
897 2639 991 2702 quam
1016 2639 1053 2682 ex
1076 2617 1218 2682 fraterna

65 2722 210 2804 caritate,
234 2746 297 2810 qua
319 2745 369 2790 me
396 2724 525 2810 diligis,
554 2723 685 2809 suscepi.
735 2723 780 2788 Ex
803 2724 972 2808 senteneija
995 2723 1082 2788 illius
1106 2744 1211 2787 emen-

67 2826 229 2895 dacionem
253 2830 416 2915 proposui,
440 2852 549 2916 ymmo
571 2829 622 2894 his
646 2828 766 2907 diebus,
790 2829 906 2915 quibus
927 2827 1118 2914 prochdolor
1142 2827 1215 2892 hac·

67 2935 154 2998 tenus
184 2956 244 3019 per
266 2955 367 2999 meam
398 2935 496 2999 vitam
519 2934 593 3019 plus
614 2933 710 2999 solito
741 2933 924 3019 insolencijs
947 2934 1073 3012 institi,
1108 2932 1218 3016 pedem

69 3039 196 3120 retraxi,
218 3037 320 3125 quieti
342 3061 393 3104 me
408 3039 490 3118 dedi,
517 3040 594 3104 adeo
616 3042 662 3116 ut,
686 3061 750 3103 una
773 3043 866 3104 noete
890 3039 1057 3104 dumtaxat
1080 3040 1218 3123 dempta,

68 3143 202 3228 septima
226 3143 304 3209 hora
327 3145 360 3208 in
384 3143 502 3209 lectum
532 3165 582 3208 me
613 3145 818 3228 reposuerim.
875 3141 1078 3209 Gravissimis
1101 3142 1217 3208 etenim

70 3253 250 3314 sanctorum
274 3252 403 3333 patrum
426 3249 600 3333 sentencijs
622 3271 672 3313 me
694 3249 741 3314 sic
765 3249 921 3328 excitasti,
946 3254 982 3314 ut
998 3249 1141 3334 profecto
1165 3249 1217 3313 vix

71 3352 99 3416 iu
123 3354 191 3420 sita
214 3375 272 3418 nec
305 3354 439 3440 legendo
471 3358 527 3420 aul
560 3353 728 3420 scribendo
759 3355 826 3418 sive
856 3354 954 3420 eciam
977 3355 1217 3421 exhortationes

72 3455 322 3526 doctissimorum
357 3459 512 3525 audiendo
544 3483 582 3525 es
605 3481 718 3544 sopore
742 3461 878 3546 quodam
902 3462 992 3544 gravi
1016 3461 1061 3527 sic
1084 3461 1217 3526 resusci-

73 3567 151 3628 tatus
175 3563 302 3630 fuerim.
348 3561 478 3629 Utinam
508 3565 641 3649 spiritus
664 3586 726 3629 non
751 3565 794 3630 sit
818 3563 987 3646 torrens¹,
1022 3567 1075 3632 sed
1098 3571 1130 3632 et
1153 3567 1218 3632 tuis

75 3691 106 3733 ac
126 3671 262 3737 aliorum
285 3670 423 3736 fratrum
446 3675 479 3737 et
503 3673 676 3738 amicorum
705 3673 906 3738 oracionibus
938 3677 1034 3758 alque
1057 3671 1219 3757 suffragijs

74 3775 143 3841 deus
173 3777 376 3861 omnipotens
406 3799 464 3862 per
496 3801 585 3843 suam
613 3779 860 3844 misericordiam
897 3778 1062 3844 confirmet
1092 3777 1124 3841 in
1158 3799 1219 3855 me,

76 3883 151 3960 qood
180 3884 246 3948 suis
274 3883 492 3949 saluberrimis
522 3885 675 3969 exemplis
709 3889 858 3970 operatua
887 3887 943 3950 cst.
998 3882 1069 3948 Scio
1092 3887 1124 3946 at
1148 3903 1219 3945 vere

76 3985 132 4051 scio
146 3989 287 4054 deiectus
303 3989 365 4054 iam
383 3991 612 4074 quottidianos,
636 3990 741 4056 sencio
758 4012 887 4076 gravem
905 3989 1131 4055 alterationem
1148 4007 1217 4050 cor·

78 4094 154 4172 poris
176 4099 210 4161 et
231 4095 341 4162 animi.
390 4097 548 4163 Admonet
570 4120 621 4162 me
644 4098 749 4182 sepius
769 4095 848 4182 'pius
877 4101 908 4161 et
931 4091 1110 4158 misericors
1133 4089 1219 4168 deus,

78 4199 156 4266 cuim
178 4201 410 4281 admonicioni,
441 4207 474 4268 et
496 4203 522 4268 si
546 4208 721 4268 contumax
741 4201 874 4281 fuerim,
898 4199 1051 4266 desiderio
1074 4197 1217 4263 desidero

638 4345 655 4385 ᾗ

137 4462 148 4516 1
170 4463 299 4518 Antrrort
325 4479 389 4517 aum
409 4461 531 4532 rotigen.
602 4463 620 4517 2
642 4461 704 4532 Vgl.
723 4461 796 4518 oben
815 4479 856 4516 nr.
877 4461 913 4516 33
933 4461 989 4516 und
1009 4477 1051 4516 nr.
1071 4461 1114 4516 48.
