3002 5070
809 405 849 472 12

249 579 411 644 curatione
436 583 468 642 te
492 577 692 660 leniveris,
724 581 755 646 id
778 603 841 648 non
873 603 938 647 osse
961 581 1080 647 lactum
1108 633 1115 648 .
1146 630 1155 645 .
1184 629 1192 646 .
1218 631 1225 645 .
1251 577 1334 652 Oro,
1371 575 1404 634 ul
1492 585 1493 596 ¹

250 690 282 750 et
305 684 494 770 quandoque
517 684 756 753 exerciteoionis
783 689 890 772 gratio
913 694 969 753 tun
992 693 1071 771 aput
1093 708 1143 752 me
1165 685 1290 769 scripte
1315 700 1402 746 com·
1492 679 1493 717 l

250 794 401 875 pareant,
436 810 475 854 ne
498 792 555 854 tue
581 789 697 864 florens
729 792 946 859 odolescencin
973 793 1061 857 velut
1084 791 1285 857 infructuose
1309 787 1405 852 orbor

251 900 434 974 amarescat,
458 898 507 958 set
530 897 638 960 exsui
663 897 784 982 ingenij
822 898 1076 983 promptitudine
1100 895 1225 962 fructus
1248 893 1406 980 producet

249 1001 420 1067 uberiores.
466 999 546 1080 Scio,
571 1021 628 1066 nee
651 1023 700 1067 me
726 1004 857 1069 minime
879 1003 950 1068 felli
973 1003 1097 1087 opinor,
1122 1000 1265 1087 quelibet
1281 1001 1405 1062 semoto

252 1107 475 1186 essertacione‚
499 1108 532 1170 in
556 1107 667 1172 multis
689 1113 721 1174 te
745 1109 823 1174 bene
839 1109 1029 1194 dispositum
1045 1129 1166 1174 necnon
1183 1111 1215 1170 et
1231 1106 1263 1170 in
1288 1101 1403 1170 celeri·

249 1215 316 1276 tete
339 1216 430 1276 tants
450 1212 571 1298 ingenij
596 1213 635 1278 ed
658 1214 903 1302 intelligendum
926 1237 963 1282 oc
980 1214 1237 1300 investigandum
1262 1217 1295 1276 te
1316 1209 1399 1274 sotis

249 1321 389 1397 scutum,
411 1323 448 1382 ut
469 1317 563 1383 focile
592 1319 738 1386 doctrine
760 1343 861 1405 peuce
890 1323 1077 1408 precedente
1108 1325 1140 1384 te
1173 1318 1302 1384 doctum
1331 1315 1405 1398 plus

251 1422 324 1507 elijs
341 1422 471 1487 reddere
484 1423 594 1506 possis,
620 1447 719 1509 quare
734 1447 810 1512 ergo
826 1427 933 1492 studio
947 1426 1015 1506 ille,
1040 1447 1101 1512 que
1118 1421 1277 1489 iuventuti
1303 1441 1407 1506 quen·

251 1531 353 1615 doque
386 1529 534 1594 ridentur
565 1529 745 1612 laboriose,
780 1537 812 1598 te
846 1533 951 1598 minus
974 1534 1129 1610 terreant,
1158 1529 1258 1594 amice
1281 1526 1407 1592 hortor.

252 1633 355 1700 Erunt
378 1635 463 1699 enim
485 1635 591 1699 studio
615 1637 703 1713 talin,
727 1642 764 1702 ut
780 1643 931 1722 expertus
957 1637 1081 1723 loquor,
1105 1636 1175 1701 ocie
1198 1631 1335 1698 iocunda
1360 1651 1408 1694 se

250 1740 383 1804 nectuti.
429 1737 549 1815 Quibus
573 1762 647 1805 vero
669 1745 701 1805 te
724 1741 796 1825 plus
812 1742 960 1807 insudare
982 1741 1065 1821 volo,
1081 1733 1290 1825 grammatide
1314 1736 1404 1800 vide-

251 1844 334 1924 licei,
359 1846 449 1928 utin
473 1867 509 1910 es
533 1846 633 1914 bosus
656 1852 688 1911 et
703 1848 843 1930 optimus
873 1847 1031 1926 efficieris,
1055 1846 1202 1911 insudare
1217 1865 1253 1909 ec
1268 1841 1409 1907 tirmiter

252 1949 398 2014 inherere
420 1950 498 2015 velis
521 1971 586 2016 oro.
636 1949 734 2016 Video
758 1952 903 2036 profecto
926 1972 988 2017 non
1025 1951 1177 2016 maiorem
1201 1950 1408 2014 literatorum

252 2056 348 2119 ecinnr
375 2060 594 2139 copulatorum
617 2057 795 2138 delectum,
821 2080 914 2144 quem
940 2057 1078 2123 eiusdem
1100 2055 1312 2142 grammatice
1337 2057 1407 2118 tem

252 2160 386 2244 positive
410 2183 505 2246 quom
529 2163 723 2243 doctrinalis
747 2164 778 2228 in
804 2186 867 2248 qus
889 2164 916 2228 si
941 2165 1021 2230 bene
1043 2164 1186 2228 imbutus
1210 2159 1334 2234 fueris,
1362 2159 1410 2223 ls-

252 2266 342 2330 cilem
368 2266 500 2332 hebebis
523 2269 561 2332 ed
581 2269 690 2353 quevis
707 2268 771 2334 elis
785 2269 918 2334 editum.
967 2268 1077 2335 Scribo
1094 2267 1153 2333 hec
1169 2271 1329 2351 expertus,
1357 2263 1408 2330 cui

254 2371 347 2437 fidem
370 2373 519 2437 adhibens
542 2373 767 2439 indubitatem.
815 2372 929 2460 Dirige
953 2375 1016 2440 tibi
1040 2397 1111 2440 cum
1128 2373 1271 2458 presenti
1287 2369 1329 2434 N.
1357 2391 1410 2434 cc·

252 2499 337 2543 senrn
362 2500 459 2542 unum
484 2478 522 2542 de
546 2479 672 2558 nostris,
696 2502 792 2565 quem
816 2481 910 2544 rebus
934 2480 999 2545 suis
1013 2478 1204 2557 interclusit,
1229 2498 1323 2561 quem
1341 2475 1404 2540 tibi

252 2585 428 2667 presentari
452 2584 603 2649 commisi.
644 2583 756 2650 Cetera
774 2606 837 2649 non
860 2591 1041 2664 occurrunt,
1066 2584 1125 2650 nisi
1150 2590 1182 2649 te
1207 2581 1351 2646 moribus
1379 2587 1411 2645 et

252 2689 339 2752 omni
356 2689 522 2754 honestate
538 2711 574 2754 sc
589 2689 744 2755 maiorum
759 2695 890 2755 tuorum
903 2691 1039 2774 vestigia
1051 2689 1141 2776 sequi
1160 2687 1270 2753 audire
1284 2707 1414 2770 semper

253 2793 356 2876 cupio.
405 2792 547 2859 l'rntrern
573 2799 664 2860 tuum
687 2792 874 2880 Jo[ennem]
898 2796 1002 2860 sdhuc
1018 2791 1269 2883 Nur[emberge]
1294 2791 1409 2874 regeri

253 2899 345 2963 nodio
364 2897 383 2962 ¹.
430 2898 546 2966 Nescio
569 2901 645 2987 quid
670 2905 804 2985 patruus
827 2907 935 2966 noster
952 2899 1132 2989 M[nrcus]‘
1158 2923 1194 2966 ec
1217 2897 1272 2983 elij
1297 2918 1408 2962 secum

253 3002 357 3068 fecere
389 3007 588 3088 protendant.
646 3006 760 3091 Sepius
792 3008 920 3092 scriptis
943 3009 1059 3073 nedum
1090 3013 1138 3072 set
1162 3011 1194 3071 et
1216 3004 1322 3069 verbis
1347 3025 1408 3087 pro

254 3111 321 3174 eius
345 3111 487 3176 utilitate
520 3135 629 3177 versus
653 3112 807 3178 Venecies
838 3113 986 3178 mittendi
1009 3113 1139 3190 insteti,
1161 3111 1215 3176 sed
1239 3131 1409 3195 nunquam

254 3218 408 3299 proficere
431 3216 550 3302 aliquid
575 3219 677 3303 potui.
723 3217 805 3283 Volo
828 3220 861 3283 in
879 3218 1016 3303 presidio
1031 3219 1072 3302 (t)
1096 3217 1232 3301 virginis
1254 3214 1413 3299 gloriose,

253 3323 358 3388 omnis
382 3329 437 3388 tue
459 3324 580 3406 agenda
603 3324 743 3407 primum
767 3324 800 3387 in
819 3324 967 3389 timorem
989 3324 1037 3389 dei
1055 3322 1201 3388 stabilire
1215 3320 1294 3384 velis
1313 3341 1406 3403 rogo.

255 3427 301 3491 Ex
318 3424 490 3514 An[gusto]
515 3429 584 3511 ipso
601 3429 650 3491 die
665 3427 768 3491 suncti
784 3425 956 3493 Clementis
972 3451 1055 3493 anno
1081 3426 1201 3493 domini
1217 3431 1277 3490 etc.
1303 3423 1411 3490 LVII.

727 3545 935 3552 ———--——

813 3627 845 3697 9.

255 3761 448 3836 Hermann
477 3762 634 3837 Schedel
657 3787 704 3835 an
737 3763 950 3858 Sigismund
979 3762 1230 3836 Gossembrot.
1275 3759 1413 3857 [Auge-

686 3887 782 3980 burg
813 3879 964 3982 1458³].

639 4006 701 4059 um.
721 4006 774 4059 224
793 4007 811 4059 r.
831 4007 873 4059 94.
892 4005 1024 4076 concept.

255 4111 563 4178 Gliiclrwunsch
588 4134 657 4176 zur
681 4112 908 4194 erlungten
929 4111 1414 4196 bdrgerrueisterwiirde.

344 4251 532 4336 Magnorum
550 4256 582 4316 et
599 4252 907 4335 sapientissimorum
922 4252 1112 4336 populorum
1130 4273 1183 4315 seu
1202 4272 1306 4314 rerum
1326 4251 1411 4332 pub·

254 4359 388 4424 lionrum
415 4363 564 4440 pervetus
587 4357 665 4420 illud
691 4357 876 4421 institutum
892 4378 928 4420 eo
945 4357 1058 4440 'prisce
1081 4379 1117 4421 ea
1140 4355 1334 4420 consuetudo
1349 4355 1416 4421 fuit

846 4467 865 4501 ἃ

327 4531 339 4585 l
365 4531 456 4598 Vergl.
474 4530 545 4586 oben
568 4549 609 4586 nr.
631 4533 657 4586 5.
710 4530 771 4586 28.
791 4533 878 4587 unten
897 4546 939 4585 nr.
960 4531 1002 4585 56.
1075 4527 1270 4600 usigismund
1284 4527 1415 4586 eonem-
