3002 5070
629 426 670 489 45

78 600 146 664 urbi
171 601 305 686 antique
327 600 496 686 dignitatis
518 598 752 686 auctoritati[s]
775 621 829 664 suc
848 599 1003 685 reliquum
1028 623 1101 667 esse.
1142 599 1225 666 Nam

74 705 261 771 creberrime
292 705 533 772 commemorari
563 703 674 785 audio,
703 727 765 789 qua
794 704 1007 772 admiracione
1027 707 1149 791 optima
1175 727 1225 770 res

72 809 197 892 publica
219 812 252 875 in
277 810 336 877 bac
358 807 437 875 olim
455 810 590 874 florebat
612 809 692 873 urbe
714 810 838 875 cunctis
854 810 919 874 vite
935 810 1105 877 commodis
1120 811 1225 894 plena,

73 916 145 980 adeo
168 921 206 980 ut
229 938 288 981 nec
309 915 377 982 ulla
399 916 514 982 melior
543 917 609 981 sive
637 916 817 1000 gloriosor,
850 915 940 980 nulla
970 916 1226 1000 magnificentior

73 1025 126 1084 aut
147 1021 291 1105 pulcrior
314 1023 533 1101 estimabatur,
556 1021 602 1086 ita
626 1026 662 1086 ut
686 1022 751 1086 eius
776 1043 888 1086 nomen
912 1027 944 1085 et
968 1021 1072 1106 gloria
1094 1043 1152 1106 per
1174 1029 1225 1086 to-

74 1133 139 1192 tum
155 1127 227 1193 fere
242 1132 399 1194 terrarum
415 1128 525 1193 orbem
543 1127 766 1193 celebraretur.
807 1125 838 1191 N
840 1149 900 1192 unc
917 1133 1024 1192 autem
1041 1127 1226 1192 detestanda

75 1237 263 1317 tempestate
285 1239 367 1313 orta,
391 1234 445 1299 ubi
463 1232 760 1298 iurisconsultorum
777 1238 808 1297 et
823 1232 1076 1298 consiliariorum
1099 1233 1226 1317 sapiens

74 1361 107 1404 aa
129 1340 311 1405 veneranda
340 1344 484 1404 senectus
512 1359 549 1404 ac
571 1360 685 1403 nomen
708 1338 847 1417 celebre,
881 1339 937 1404 ubi
959 1360 1019 1422 pro
1041 1338 1168 1403 iusticia
1190 1359 1227 1403 ac

74 1466 106 1508 re
126 1445 260 1530 publiea
280 1444 377 1510 fortis
401 1451 435 1510 et
449 1444 609 1510 indefessa
623 1444 770 1524 certacio,
800 1443 915 1528 quibus
939 1446 1032 1509 rebus
1054 1449 1145 1509 vetus
1169 1443 1227 1509 hec

74 1550 183 1616 civitas
206 1557 328 1615 ceteras
344 1551 517 1635 plurimum
542 1551 665 1616 anteire
687 1549 819 1626 solebat,
845 1571 940 1635 qoam
959 1570 1044 1614 nunc
1066 1549 1132 1614 fere
1154 1571 1223 1613 om·

77 1656 165 1720 nibus
193 1656 380 1722 inferiorem
405 1656 571 1722 videmus?
609 1654 693 1721 Nam
723 1657 750 1720 si
786 1657 857 1741 quis
887 1655 1007 1740 optime
1030 1655 1228 1720 considerare

74 1760 211 1827 voluerit
234 1763 327 1826 buius
349 1763 436 1826 urbis
470 1763 669 1828 condiciones
700 1768 732 1826 et
754 1767 914 1846 tempora,
949 1761 1087 1846 reperiet
1110 1761 1226 1825 civium

77 1887 176 1932 mores
201 1873 372 1951 corruptos
400 1872 433 1933 et
456 1867 646 1945 avariciam,
681 1866 863 1951 superbiam
893 1871 989 1950 atque
1013 1865 1227 1931 temeritatem

75 1995 180 2039 eorum
206 1973 358 2037 invasisse
381 1972 502 2038 animos
525 1977 556 2038 et
580 1973 629 2036 ita
652 1973 753 2056 ipsam
773 1972 929 2056 paulatim
944 1993 1001 2056 per
1016 1973 1140 2056 aliquot
1162 1973 1226 2034 iam

76 2075 220 2156 tempora
251 2099 289 2142 ex
311 2077 504 2161 pulcerrima
536 2082 632 2161 atque
662 2078 784 2162 optima
806 2078 1007 2143 immutatam
1030 2100 1066 2142 ac
1087 2078 1225 2161 flagitio·

74 2178 231 2245 sissimam
248 2203 313 2246 esse
328 2181 446 2247 factam
459 2181 478 2246 ¹.
503 2179 538 2268 [f.
551 2181 627 2266 271]
653 2179 898 2266 Deplangendus
913 2183 1049 2267 denique
1065 2189 1097 2248 et
1115 2185 1229 2248 merito

77 2289 154 2348 esset
177 2285 275 2350 huius
300 2287 388 2352 urbis
410 2293 523 2366 status,
547 2309 642 2372 quam
659 2289 692 2351 in
716 2289 853 2353 maximo
876 2291 1086 2372 conspicimus
1109 2291 1227 2354 versari

75 2391 276 2473 discrimine,
308 2393 466 2478 siquidem
490 2395 576 2459 intus
605 2397 638 2458 et
660 2393 740 2458 foris
762 2396 904 2479 graviter
927 2396 1052 2480 urgeri3
1087 2394 1165 2459 foris
1188 2396 1228 2460 ab

78 2495 222 2564 hostibus
246 2499 492 2585 circumquaque
515 2499 701 2565 molestatur
724 2506 757 2564 et
779 2509 1028 2585 oppungnatur,
1051 2501 1138 2564 intus
1160 2501 1225 2564 veri

80 2603 276 2687 suspiciones
299 2604 408 2670 crebre
430 2605 589 2683 oriuntur,
612 2605 719 2670 omnia
735 2605 843 2670 invida
858 2605 1128 2691 formidulosaque
1143 2612 1228 2684 sunt,

77 2731 110 2772 ex
141 2731 243 2796 eaque
275 2711 407 2777 cottidie
438 2710 568 2775 maximi
604 2715 708 2776 motus
731 2717 962 2796 expectantur,
996 2719 1091 2796 prout
1114 2713 1153 2777 ad
1177 2733 1229 2777 eos

79 2813 237 2882 iaciendos
266 2816 317 2883 vel
350 2816 413 2882 levi
444 2817 481 2882 de
511 2837 604 2881 causa
633 2822 785 2901 prompta
806 2818 857 2881 sit.
905 2817 1006 2893 Quam
1029 2839 1107 2900 ergo
1130 2839 1230 2901 spem,

78 2942 171 3004 qnam
195 2922 403 3002 voluntatem,
427 2923 510 3008 qnod
533 2921 632 2986 animi
647 2921 800 2987 solacium
825 2944 862 2986 ex
876 2922 1029 2987 iataurbe
1052 2923 1141 3005 regia
1157 2943 1228 3006 per-

78 3027 181 3110 cipere
204 3048 396 3112 possumus,
425 3028 457 3092 in
482 3049 545 3112 qua
570 3026 647 3109 [nil]
670 3027 733 3091 nisi
756 3027 852 3092 timor
875 3033 972 3114 atque
995 3027 1176 3093 sollicitudo
1199 3035 1231 3093 et

78 3153 180 3198 meror
202 3133 322 3198 versari
346 3135 488 3218 poterit?
534 3128 677 3197 Videre²
702 3133 785 3197 enim
811 3133 889 3196 mihi
921 3135 1029 3198 videor
1050 3135 1228 3197 universam

82 3235 174 3302 istam
198 3239 359 3304 civitatem
384 3240 509 3304 tristem
534 3243 566 3302 et
583 3237 750 3323 lugubrem
766 3259 829 3302 non
846 3243 912 3304 tam
929 3240 967 3302 de
987 3239 1112 3322 privata
1136 3261 1230 3323 quam

81 3343 116 3405 de
138 3342 269 3427 publica
291 3343 474 3409 calamitate
489 3343 579 3427 queri
603 3349 635 3407 et
658 3343 874 3427 ingemiscere.
912 3343 948 3408 ln
963 3347 1013 3408 tot
1035 3365 1112 3429 ergo
1127 3345 1230 3421 malis,

83 3469 176 3530 quarn
199 3449 450 3514 consolacionem
474 3472 513 3514 ex
529 3449 638 3514 amieis
653 3453 686 3513 et
700 3450 884 3513 necessariis
908 3451 970 3514 tuis
993 3472 1104 3534 capere
1128 3456 1230 3534 potes,

86 3553 136 3633 qui
160 3553 222 3637 ipsi
246 3557 356 3638 pocius
379 3554 596 3620 consolacione
620 3553 807 3639 indigeant?
853 3553 923 3619 Nisi
940 3554 1025 3622 forte
1041 3555 1098 3622 beo
1121 3577 1184 3620 una
1200 3560 1231 3618 te

85 3657 263 3724 consoletur
287 3681 346 3739 res,
370 3681 431 3744 que
454 3660 565 3743 pulcra
587 3664 620 3724 et
643 3658 807 3742 eleganter
824 3683 843 3724 a
858 3659 990 3726 Marone
1014 3667 1123 3726 nostro
1147 3663 1232 3727 dicta

81 3763 142 3827 sit:
167 3762 347 3830 »Salaciam
370 3769 419 3828 est
440 3763 565 3829 miseris
586 3763 688 3828 socios
712 3763 827 3828 babere
849 3771 1080 3848 peccatorum«

168 3867 227 3936 Sed
260 3869 337 3954 quid
370 3872 403 3933 te
437 3869 584 3934 miserum
613 3889 680 3932 esse
703 3870 806 3952 cogit,
840 3871 914 3954 quid
938 3876 970 3936 te
992 3873 1155 3956 compellit
1177 3879 1233 3936 aut

84 3974 222 4057 quemvis
238 3973 313 4040 huic
329 3974 400 4039 urbi
418 3974 629 4058 presidentem
646 3974 728 4038 hanc
745 3977 917 4059 perniciem
934 3979 1054 4042 diutius
1069 3981 1232 4063 aspicere?

86 4077 204 4144 Poteris
228 4086 260 4145 et
283 4101 319 4146 ea
342 4099 480 4158 cernere,
504 4101 566 4164 que
589 4084 645 4144 aut
667 4101 758 4145 aures
785 4085 841 4145 tue
865 4083 1095 4167 quodammodo
1119 4086 1230 4168 lugere

85 4189 115 4246 ct
138 4183 265 4252 horrere
287 4186 465 4252 deberent?
511 4184 629 4264 Credo,
659 4209 709 4249 me
742 4187 911 4272 intelligis,
945 4189 1083 4272 plurima
1104 4190 1233 4256 silentio

647 4317 664 4356 a

155 4429 300 4500 lSalluat,
319 4431 444 4487 Catilina
465 4434 489 4490 5.
526 4431 592 4503 Vgl.
614 4449 656 4486 nr.
675 4432 716 4486 74.
791 4433 884 4489 send.
905 4433 1008 4490 videor.
1047 4435 1101 4491 Das
1115 4436 1234 4506 ricbtige

90 4513 114 4566 in
133 4515 184 4570 deu
205 4521 364 4590 concepteu.
