2990 5068
627 430 688 497 125

58 605 136 671 rien
164 605 232 672 Lur
253 607 392 692 plebano
426 609 459 672 iu
483 605 649 694 Dilliugeu
683 609 803 675 fautori
838 611 886 676 uti
917 609 1009 676 fratri
1041 632 1098 677 suo
1119 613 1231 699 singu·

58 711 243 779 latissimo.

627 1068 686 1144 61.

62 1206 272 1280 Hermann
306 1206 458 1280 Schedel
483 1232 533 1281 an
559 1208 772 1284 Hartmann
796 1211 963 1288 Schedel.
1017 1215 1233 1310 [Augsburg

523 1330 619 1404 1466
655 1335 786 1431 maru}

443 1483 506 1538 clm.
525 1484 577 1540 224
595 1485 615 1539 1.
634 1486 694 1546 304.
733 1487 864 1560 concept

63 1607 553 1674 Abreisedesbruders
576 1607 792 1678 Johannes
825 1613 931 1680 noch
965 1613 1232 1702 Leipzigzur

64 1712 361 1780 universittt.
406 1709 623 1800 Warnung
653 1738 722 1781 vor
745 1717 940 1803 derpest.
987 1719 1232 1786 Puduenser

440 1820 868 1890 studentenkomtdie.

161 1957 305 2024 sunam
330 1956 501 2042 plurimam
519 1959 605 2024 dicit.
654 1959 721 2024 Etsi
744 1962 981 2042 constituerem,
1003 1963 1135 2030 silencio
1159 1965 1229 2030 tou·

67 2065 160 2150 giori
191 2063 298 2130 literis
321 2069 425 2130 tecum
449 2083 544 2148 ogere
574 2063 702 2149 ultaque
733 2070 839 2131 mente
870 2072 1029 2151 repostam
1060 2069 1229 2136 taciturni-

67 2175 177 2236 tatem
201 2174 330 2249 tenere,
360 2169 454 2234 litere
476 2173 580 2234 tamen
605 2173 659 2234 tue
680 2173 749 2236 tum
773 2170 924 2251 facunde,
954 2177 1022 2237 tum
1049 2174 1229 2240 benivolen-

68 2278 157 2342 ciam
184 2296 241 2360 pre
262 2297 295 2340 se
320 2273 456 2340 ferentes
480 2274 550 2358 ipso
573 2274 625 2340 die
648 2275 711 2340 divi
740 2276 885 2361 Gregorij
912 2274 1009 2364 [mttrr
1023 2275 1076 2365 12]
1100 2303 1157 2364 per
1173 2303 1230 2366 pa·

66 2391 185 2448 truum
219 2386 362 2448 nostrum
392 2380 532 2449 Marcum
567 2404 605 2448 ex
631 2381 854 2468 Nuremberga
883 2384 975 2450 misse
1009 2385 1151 2472 mihique
1174 2392 1230 2453 tuo

68 2489 215 2566 nomine,
238 2488 313 2553 licet
346 2488 438 2552 tarde
459 2509 478 2552 6
500 2487 576 2553 data
611 2509 720 2553 eorum
744 2493 936 2572 presentate,
970 2491 1230 2557 adscribendum

69 2597 179 2660 denuo
202 2593 417 2678 impulerunt,
451 2593 497 2658 itu
519 2598 556 2658 ut
579 2595 703 2659 nullum
733 2595 875 2661 officium
899 2597 932 2660 in
956 2597 1100 2662 amicicia
1122 2601 1231 2662 nostro

73 2700 315 2784 pretermittere
346 2699 476 2775 curobo,
500 2701 548 2763 set
571 2699 722 2784 quicquid
747 2699 860 2764 honori
884 2701 1060 2766 utilitative
1083 2707 1138 2768 tue
1160 2725 1229 2768 um·

75 2828 175 2890 quam
200 2804 372 2870 conducere
394 2803 524 2888 poterit,
547 2825 670 2870 summe
692 2803 771 2870 mihi
794 2827 867 2871 cure
891 2807 962 2886 erit,
986 2807 1087 2893 quoad
1112 2809 1228 2874 vixero.

165 2907 273 2974 Pridie
294 2908 401 2992 accepi
425 2907 545 2992 scriptu
560 2909 678 2974 sororis
697 2932 764 2975 mae
784 2933 822 2976 ex
841 2909 1072 2997 Nuremberga,
1095 2912 1230 2978 fratrem

72 3021 166 3081 tuum
189 3013 348 3081 «loannem
370 3013 420 3078 die
442 3012 531 3080 Jovis
554 3017 628 3080 ante
651 3016 847 3082 dominicam
871 3017 1030 3082 invocavit
1054 3017 1147 3104 [febr.
1175 3019 1227 3102 16]

70 3121 136 3186 iter
159 3140 269 3186 uersus
292 3119 410 3204 Lipczk
433 3141 526 3184 causa
547 3121 643 3185 studii
666 3121 857 3205 arripuisse,
884 3123 999 3203 nescio,
1024 3144 1087 3207 quo
1111 3123 1227 3206 spiritu

74 3231 132 3291 aut
148 3245 285 3310 quorum
301 3225 507 3311 suggestione
522 3226 634 3290 ductus
651 3225 682 3290 id
694 3225 836 3292 fecerit¹.
885 3225 991 3292 Laudo
1019 3227 1228 3312 propositum,

78 3338 128 3398 set
152 3351 275 3408 uereor,
299 3351 339 3395 ue
354 3352 412 3396 sua
427 3330 635 3415 singularitas
658 3329 756 3396 nimia
773 3331 973 3416 dispendium
994 3338 1050 3396 aut
1073 3331 1228 3397 iacturum

73 3439 133 3504 sibi
157 3435 275 3522 pariat.
328 3433 465 3501 Consule
488 3441 525 3500 ut
547 3435 576 3500 ai
601 3435 739 3516 scribas,
769 3441 802 3500 et
826 3439 949 3502 certum
975 3441 1007 3501 te
1029 3438 1096 3501 suis
1119 3437 1230 3502 reddat

73 3541 213 3627 scriptis,
236 3541 351 3626 quibus
369 3541 515 3606 insudare
534 3542 681 3621 voluerit,
705 3547 737 3606 et
762 3562 826 3608 non
841 3543 973 3627 proprio
995 3541 1154 3608 innitatur
1177 3565 1228 3608 cu·

74 3647 145 3732 piti,
170 3651 221 3712 set
245 3653 301 3712 tuo
316 3667 353 3712 ac
375 3647 510 3712 aliorum
537 3647 571 3711 in
602 3646 714 3712 multis
731 3650 933 3731 expertorum
953 3647 1085 3713 consilio
1108 3651 1227 3713 ututur.

74 3753 191 3820 Itidem
216 3756 249 3818 ot
272 3773 331 3838 ego
352 3753 482 3838 scriptis
497 3753 577 3818 meis
595 3751 720 3830 faciam,
746 3776 806 3839 que
823 3754 847 3816 si
874 3776 936 3818 non
955 3755 1120 3838 spreverit,
1138 3756 1226 3840 quic-

639 3876 662 3916 Ι

148 3981 164 4034 1
185 3977 265 4033 Nuch
284 3977 473 4034 freuudlichar
491 3978 660 4047 mittsilung
685 3977 734 4033 der
753 3978 1094 4036 universitttsbibliothek
1115 3979 1228 4050 Leipzig

73 4069 151 4124 steht
170 4066 200 4120 in
222 4065 273 4121 der
290 4063 419 4134 dortigeu
439 4064 572 4120 matrilrei
588 4067 672 4120 uuter
690 4065 744 4120 den
762 4067 801 4120 im
821 4066 922 4122 winter
941 4065 1036 4123 146415
1055 4066 1228 4121 immatricu·

73 4156 161 4211 litten
181 4153 384 4224 eingetrageuz
405 4153 561 4209 »16666666
574 4150 691 4208 schedel
710 4151 745 4208 de
757 4152 952 4224 Nurembergu
972 4153 1067 4223 dign«
1105 4151 1137 4208 ln
1156 4169 1226 4223 cgm.

74 4245 124 4298 367
144 4243 245 4298 stetim
264 4241 397 4298 deutsche
413 4239 523 4305 sochen,
543 4240 739 4297 dieJohannes
761 4257 824 4297 rom
844 4247 920 4296 marc
939 4241 982 4295 bis
1001 4241 1147 4298 december
1161 4243 1227 4298 1464

74 4331 103 4386 in
114 4329 269 4401 Ndrnberg
286 4329 401 4394 schrieb‚
421 4328 499 4383 daun
512 4328 585 4398 folgt
598 4328 677 4386 6611.
689 4330 768 4384 25716
789 4329 986 4384 duramentum
1005 4329 1092 4399 studij
1107 4329 1227 4401 Progen-

72 4419 160 4474 61616
178 4417 419 4490 proprisium«
442 4415 499 4471 und
517 4414 677 4474 »Lectiones
697 4435 748 4489 pro
766 4416 933 4486 buccularijs
952 4416 1125 4490 1611666166,
1145 4419 1228 4474 souis

75 4523 142 4578 »mo
159 4505 349 4577 mugnano·
