2990 5068
643 358 705 424 los

643 603 703 677 49.

92 739 292 813 Hermann
320 737 475 813 Schcdel
515 761 564 810 an
594 735 809 810 Hartmann
847 735 1012 812 Schcdel.
1050 735 1251 830 Augsburg

515 860 611 934 1463
642 871 744 933 murz
774 860 834 933 22.

202 991 266 1045 alm.
286 989 339 1045 224
357 989 377 1043 f.
396 989 448 1046 288
466 988 586 1060 dnlaqe.
621 987 802 1058 Reinrchrift,
819 989 887 1044 aber
905 987 978 1045 ohne
997 985 1108 1042 adressa
1120 987 1136 1040 ¹.

90 1115 271 1181 Sichert
293 1115 381 1180 ihm
402 1115 524 1180 scine
546 1118 893 1197 unterstutznng
928 1111 1043 1178 beim
1064 1118 1251 1196 patruus

119 1219 294 1285 hlarons
316 1243 380 1299 au,
404 1221 502 1285 dass
526 1242 567 1286 er
591 1219 701 1285 nach
726 1218 890 1284 ltalien
913 1217 1054 1303 gehen
1077 1217 1221 1282 letinae.

179 1376 222 1444 Se
246 1382 352 1443 totum
367 1377 509 1462 plurima
532 1375 742 1455 cumulate,
766 1381 880 1460 patrue
902 1377 1071 1442 carissime.
1118 1374 1251 1441 Reddite

92 1487 168 1548 sunt
192 1483 275 1548 mihi
307 1481 398 1546 litere
420 1488 475 1548 tue
497 1481 695 1560 suavissime,
718 1503 796 1566 quas
820 1479 959 1546 libenter
984 1480 1091 1564 accepi
1114 1479 1251 1562 diligen-

92 1589 281 1673 tissimeque
296 1586 430 1671 perlegi.
477 1585 616 1665 Gaudeo,
628 1584 889 1669 -Nurembergam
906 1587 938 1650 te
953 1584 1076 1651 salvum
1092 1584 1215 1650 venisse
1227 1581 1252 1664 ⁸,

90 1715 127 1759 co
156 1692 329 1777 presertim
359 1698 522 1776 tempore,
548 1713 611 1778 quo
637 1692 737 1776 pestis
760 1692 830 1776 ipsa
852 1690 993 1755 desevire
1013 1689 1152 1755 desierit.
1187 1688 1250 1755 Ro-

92 1818 167 1882 gas,
202 1819 256 1863 me
278 1819 375 1882 snper
396 1796 480 1863 festo
515 1791 705 1864 ostensionis
737 1796 947 1881 reliquiarum
981 1793 1076 1882 [april
1101 1794 1158 1880 22]
1181 1792 1250 1859 Nn-

92 1903 296 1988 rsrnbargam
329 1907 446 1985 petere.
503 1902 652 1970 Gererem
687 1924 810 1968 morem
831 1904 885 1967 tue
908 1901 1044 1980 avisari,
1079 1901 1139 1966 nisi
1163 1901 1251 1967 varia

93 2013 169 2074 tuno
200 2007 422 2073 incumbencia
453 2030 503 2074 me
535 2007 745 2074 retraherent.
803 2005 942 2091 Tempus
973 2028 1110 2091 namque
1142 2006 1251 2084 instat,

92 2136 154 2198 quo
192 2113 304 2198 plures
343 2118 419 2178 tnnc
459 2115 497 2180 ad
542 2114 730 2180 sumendum
776 2114 947 2179 medicinas
994 2135 1027 2178 se
1066 2112 1250 2196 disponunt,

93 2239 185 2284 ceusu
211 2219 460 2302 preservacionis
492 2220 653 2285 amorbis
688 2220 814 2286 futuris.
862 2217 1040 2285 Prohibent
1063 2218 1162 2285 eciam
1185 2216 1249 2282 dis·

93 2324 232 2388 erimina
255 2325 377 2388 viarum
400 2325 647 2410 circumquaque
669 2325 924 2410 perstrepencia,
962 2345 1059 2410 quare
1083 2346 1132 2389 me
1155 2344 1249 2388 excu-

95 2435 198 2494 satum
217 2429 334 2494 habens
349 2431 464 2495 obnixe
480 2452 545 2496 cro.
575 2429 763 2513 Gauderem,
780 2436 885 2496 tecum
901 2429 1064 2508 constitui,
1078 2449 1249 2513 sperarem,

92 2539 208 2600 cuncta
232 2536 264 2600 in
289 2535 405 2600 bonnm
429 2535 576 2601 ordinare
600 2541 632 2600 et
657 2537 827 2616 duriciam,
859 2558 953 2622 quam
976 2534 1084 2600 forsan
1114 2537 1249 2619 patruus

96 2638 231 2705 noster⁸
255 2643 361 2706 tecum
384 2661 478 2725 agere
500 2641 673 2726 pretendit,
696 2646 733 2707 ut
755 2641 879 2719 scribis,
901 2641 1011 2706 lenire.
1060 2637 1141 2719 Scio,
1165 2638 1248 2724 quod

96 2746 193 2811 durus
220 2750 268 2810 est
291 2750 323 2810 et
345 2768 483 2831 grossus.
531 2745 631 2813 Flesti
655 2752 763 2813 tamen
786 2748 917 2832 poterit,
941 2768 1015 2811 narn
1040 2745 1161 2810 sororio
1181 2765 1249 2809 meo

96 2872 159 2914 rem
183 2851 289 2935 ipsam
312 2852 441 2936 seriptis
461 2851 542 2917 meis
564 2853 724 2932 commisi,
756 2852 797 2916 ad
821 2873 915 2938 quem
939 2851 1099 2934 refugium
1122 2849 1248 2915 habeas.

97 2955 302 3042 Propositum
325 2962 431 3023 tannen
456 2964 547 3024 tuum
564 2959 841 3045 qualitercumque
858 2957 999 3023 intrandi
1013 2955 1155 3021 Ytsliam
1173 2976 1248 3039 pro·

96 3064 184 3148 sequi
208 3062 320 3129 hortor
351 3067 382 3128 et
405 3065 545 3144 consulo,
569 3069 602 3130 et
623 3070 661 3129 ut
683 3064 722 3131 ad
746 3087 796 3130 me
820 3064 928 3129 venire
959 3061 1039 3128 velis
1062 3061 1095 3126 in
1119 3065 1176 3127 tuo
1198 3061 1248 3125 in·

98 3188 207 3250 gressu
230 3167 345 3233 obnixe
369 3188 457 3253 rogo.
504 3167 644 3234 Habebis
676 3170 713 3234 ad
739 3173 853 3234 nutum
886 3167 1067 3234 comitivam
1090 3165 1152 3232 huo
1173 3188 1248 3251 pro-

97 3273 191 3336 ficisci
221 3293 295 3338 cnm
317 3273 556 3353 mercatoribus,
586 3275 641 3358 qui
664 3273 775 3338 dietim
806 3271 1066 3355 aNuremberge
1103 3270 1246 3335 veniunt.

97 3375 294 3443 Scrutininm
309 3383 459 3463 patruum
476 3383 622 3444 nostrum
638 3384 695 3443 aut
711 3379 868 3444 sororium
880 3383 916 3443 ut
933 3377 1081 3454 habeant,
1097 3373 1247 3440 sollicito.

99 3481 299 3570 Quacumque
322 3490 426 3549 tecum
450 3483 675 3549 deliberaveris
700 3485 856 3563 facienda,
879 3483 945 3548 tuis
971 3503 1021 3547 me
1037 3481 1165 3566 scriptis
1181 3502 1248 3545 cer·

100 3593 165 3652 tum
189 3589 283 3654 redde
307 3596 339 3654 et
364 3610 423 3672 ego
446 3591 594 3670 vicissim,
618 3613 679 3676 que
702 3591 782 3657 mihi
805 3591 910 3656 facere
936 3589 1142 3666 videbuntur,
1174 3608 1248 3652 con-

98 3693 167 3759 silio
190 3694 325 3775 meliori,
349 3719 411 3781 quo
435 3702 556 3781 potero,
578 3699 784 3781 respondebo.
818 3695 896 3762 Vale
911 3694 1060 3760 feliciter.
1117 3691 1248 3777 Raptim

101 3800 248 3866 velociter
263 3805 397 3885 propter
411 3801 613 3887 inopinatum
625 3803 702 3868 satis
713 3823 868 3869 recessum
893 3801 1052 3886 presentis
1067 3798 1248 3874 ostensuris,

101 3927 191 3988 quem
213 3904 274 3972 tibi
298 3907 508 3984 recommitto,
532 3907 564 3972 in
588 3908 656 3972 suis
671 3908 804 3994 agendis
819 3913 912 3972 tuum
937 3903 1169 3972 communicare
1191 3923 1247 3966 au-

101 4011 207 4078 silium
223 4013 303 4078 velis
314 4013 460 4097 apprime
475 4034 563 4098 rogo.
613 4013 730 4078 Extitit
745 4012 885 4077 famulus
903 4031 991 4077 meus
1007 4032 1066 4092 per
1082 4006 1246 4072 biennium

176 4189 188 4242 l
214 4187 306 4242 Emtes
333 4189 449 4258 concept
474 4127 707 4242 sermannshur
730 4187 748 4241 f.
773 4186 846 4242 288Ι
897 4183 1070 4241 Fcrmelhalt
1106 4181 1248 4252 superiob-

102 4275 155 4328 uu
179 4274 316 4331 abschrist
335 4274 496 4330 Hartmsnn
516 4274 644 4330 Schsdels
671 4274 744 4330 ohne
762 4273 862 4328 datum
889 4272 946 4327 und
975 4270 1157 4326 untsrschrift
1183 4270 1247 4325 clm.

101 4359 175 4418 ner.
186 4363 246 4419 288.
316 4363 333 4418 2
353 4362 509 4419 Dortweist
528 4361 578 4417 ihn
596 4362 641 4418 ein
661 4360 928 4417 schreibervermerlr
941 4379 1003 4415 suns
1018 4359 1062 4414 18.
1072 4365 1149 4416 mura
1169 4359 1246 4414 nach

103 4465 121 4501 s.
139 4449 325 4508 wattenbach
345 4450 408 4504 id.
428 4448 623 4520 l'orrcbungen
645 4449 689 4516 XI,
710 4449 769 4506 368.
842 4449 858 4504 8
878 4448 998 4503 Marcus.

1357 4499 1474 5000 l
