3002 5070
794 428 833 494 ls

237 609 335 682 tuam,
358 605 526 682 iusticiam,
551 604 659 682 fidem,
683 603 845 687 pietatem,
869 601 1129 686 temperanciam,
1153 601 1392 684 integritatem,

236 710 472 795 plurimamque
495 710 687 772 industriam
711 714 743 773 et
769 708 973 792 sapienciam,
997 707 1039 770 ob
1062 707 1145 790 quod
1170 707 1293 770 etrite
1314 727 1389 770 cau·

236 817 300 879 tius
324 816 496 880 declinabis
511 815 605 893 mala,
629 821 660 878 et
675 813 805 899 fugabis
828 815 868 877 ab
883 813 965 895 alijs,
990 833 1068 896 quos
1091 812 1245 876 divinitus
1266 809 1388 876 collata

235 920 296 984 tibi
319 921 491 986 auctoritas
507 921 684 1004 supposuit.
730 917 844 1003 ltaque
866 918 1013 982 universa
1028 917 1095 982 vita
1118 923 1173 981 tua
1189 917 1386 1002 singularem

236 1047 360 1110 semper
382 1047 471 1090 usum
506 1025 619 1089 babuit
642 1025 822 1108 prudencie.
868 1023 923 1088 Set
946 1044 1048 1089 mores
1076 1023 1289 1107 institutaque
1311 1023 1388 1102 vite,

238 1131 352 1214 quibus
383 1130 534 1214 privatim
566 1132 652 1193 intra
683 1129 854 1194 domestica
886 1129 1066 1213 penetralia
1095 1128 1134 1192 ad
1156 1134 1189 1192 te
1221 1132 1389 1214 totamque

237 1235 389 1300 familiam
413 1234 503 1299 fuisti
527 1235 758 1312 ornatissimus,
782 1235 887 1298 dicere
903 1234 1026 1298 omitto.
1073 1232 1236 1317 Siquidem
1260 1234 1292 1297 in
1311 1235 1389 1298 meis

237 1339 408 1422 ephimeris
438 1361 474 1403 ea
504 1339 629 1423 plenius
664 1338 886 1422 copiosiusque
908 1337 1019 1402 metris
1044 1336 1162 1421 ligavi,
1191 1371 1226 1384 -
1251 1359 1387 1422 quorum

238 1445 390 1510 memoria
412 1466 474 1509 non
498 1467 548 1508 me
571 1445 634 1508 iam
650 1443 855 1526 subterfugit,
879 1448 916 1507 ut
938 1443 1051 1507 horum
1068 1443 1241 1527 aliquando
1263 1464 1388 1507 correc-

239 1549 373 1614 tioribus
387 1551 548 1614 intendam
559 1571 671 1634 -que
683 1550 743 1614 tibi
756 1550 879 1614 utinam
890 1548 1101 1634 placidissime
1116 1549 1299 1613 cecinissem
1313 1600 1320 1614 .
1335 1601 1343 1614 .
1358 1597 1386 1612 ..

240 1655 338 1741 [folgt
360 1655 410 1719 ein
438 1655 492 1719 lob
523 1657 578 1719 der
604 1657 762 1738 tngsndeu
790 1651 1082 1739 Gossembrots]...
1107 1653 1189 1718 Sane
1211 1655 1274 1738 hijs
1297 1654 1389 1718 adiu-

242 1761 374 1825 tricibus
392 1761 473 1824 benc
490 1767 629 1825 veterem
647 1759 894 1844 rempublicam,
914 1780 1009 1842 quam
1026 1758 1083 1823 deo
1099 1758 1226 1824 lavante
1242 1759 1280 1842 [f.
1298 1759 1390 1844 295⁵]

240 1865 317 1930 licet
338 1866 475 1929 dirutam
501 1867 562 1930 iam
589 1867 715 1950 iamque
737 1864 947 1948 conspicimus
963 1864 1111 1946 —longo
1127 1871 1270 1949 tempore
1293 1865 1392 1930 fuisse

239 1970 383 2034 lloridem
407 1991 612 2054 sepenumero
634 1971 727 2034 testis
749 1976 797 2034 est
822 1968 989 2034 Salustius.
1037 1965 1150 2053 Neque
1171 1971 1212 2034 ob
1235 1970 1316 2034 alias
1339 1992 1390 2034 res

240 2075 330 2139 Maro
354 2081 469 2154 noster,
494 2077 620 2160 quando
643 2097 715 2140 suas
738 2075 885 2160 proprias
901 2074 1100 2139 condiciones
1122 2075 1261 2158 regionis
1285 2077 1393 2141 cuius-

238 2182 323 2264 piam
341 2180 505 2244 definiret:
541 2181 607 2246 »Tu
625 2203 744 2266 regere,
769 2181 886 2266 inquit,
908 2181 1044 2264 imperio
1067 2181 1212 2265 populos,
1237 2181 1391 2262 Romane,

240 2291 408 2352 memento.
443 2286 511 2351 Hec
527 2287 588 2351 tibi
608 2292 691 2351 artes
706 2291 801 2350 erunt
818 2287 966 2371 pacisque
980 2288 1142 2369 imponere
1153 2308 1298 2352 nomem«
1323 2287 1393 2353 Hoc

239 2413 334 2476 quam
357 2391 607 2475 pulcherrimum
625 2391 794 2474 imperium
817 2389 891 2466 fuit,
914 2391 988 2454 dum
1024 2392 1139 2456 morati
1164 2393 1315 2477 doctique
1338 2415 1391 2458 cs·

240 2503 401 2579 pesserent
417 2497 507 2576 illud,
532 2498 648 2561 iterum
672 2497 831 2580 gloriatur
842 2494 953 2560 Cicero
969 2517 1030 2579 pro
1046 2519 1092 2575 eo,
1117 2498 1202 2582 quod
1217 2498 1393 2582 plurimam

240 2602 412 2667 utilitatem
453 2603 522 2687 ipse
554 2603 684 2687 ingenio
718 2602 942 2686 probitateque
975 2622 1032 2665 sua
1062 2603 1243 2668 contulerit.
1304 2603 1395 2669 Dicit

239 2731 376 2794 namque
386 2711 423 2774 ad
434 2709 469 2784 Q.
481 2707 625 2788 fratrem,
642 2709 761 2774 factum
773 2710 1019 2793 gubernatorem
1030 2707 1125 2793 Asye,
1142 2729 1394 2774 commemorans

240 2815 371 2879 comoda
386 2817 540 2898 sapientie
556 2821 588 2879 et
607 2816 735 2879 virtutis
752 2817 796 2879 rei
820 2815 946 2898 publice
969 2815 1152 2898 profutura:
1178 2813 1228 2880 »Si
1247 2815 1293 2879 eis
1316 2814 1394 2879 talis
1492 2867 1493 2876 ,

239 2921 381 2985 condicio
405 2921 487 2985 inest
509 2921 653 2987 doctrine
678 2925 710 2984 et
734 2942 869 2998 morum,
892 2920 946 3003 qui
971 2919 1106 3004 imperio
1129 2919 1195 2984 eius
1217 2920 1394 3002 preficiun-

239 3029 302 3100 tur,
327 3025 465 3109 qualiter
481 3025 549 3110 ipse
565 3026 716 3110 profuit«
736 3027 791 3104 ait,
807 3026 949 3110 inquam,
970 3026 1053 3109 quod
1070 3026 1203 3090 fortasse
1218 3024 1395 3110 aliquando

241 3131 386 3194 universe
410 3131 455 3194 rei
480 3131 606 3214 publice
629 3132 798 3214 contingit,
834 3137 871 3195 ut
896 3131 946 3194 hic
969 3130 1096 3194 meam¹
1120 3151 1273 3195 summam
1298 3137 1393 3214 pote·

239 3241 353 3299 statem
379 3236 528 3314 haberet,
561 3239 612 3302 cui
642 3238 674 3301 in
708 3236 861 3315 doctrina,
884 3237 935 3300 eui
959 3237 992 3300 in
1015 3237 1135 3302 virtute
1156 3243 1254 3322 atque
1277 3236 1396 3301 huma·

242 3343 342 3405 nitate
370 3342 576 3426 percipienda
613 3343 787 3426 plurimum
825 3365 844 3406 a
877 3342 1019 3426 puericia
1052 3342 1148 3425 studij
1184 3341 1325 3427 fuissem]
1364 3348 1397 3406 et

241 3448 402 3529 temporis.
458 3445 561 3520 Quare
594 3449 736 3532 pulcrius
772 3454 807 3512 tu
831 3449 1024 3532 gubernabis
1053 3453 1178 3532 sceptra
1200 3449 1399 3526 tribunatus,

240 3551 372 3615 consilio
405 3551 532 3615 adiutus
564 3554 770 3618 scientiarum
806 3559 838 3618 et
860 3555 1155 3638 probatissimorum
1180 3577 1313 3620 morum.
1361 3553 1398 3619 Si

239 3655 379 3719 artesio
404 3656 515 3738 primis
550 3658 621 3722 volo
650 3659 846 3738 meminisse,
880 3680 960 3743 quae
992 3663 1024 3724 te
1045 3660 1228 3738 oblectant,
1265 3658 1399 3724 invenio

240 3759 385 3844 profecto
396 3763 567 3828 niaximum
586 3769 747 3830 tesaurum
764 3765 932 3829 literarum
950 3766 982 3829 in
1007 3770 1040 3828 te
1054 3767 1259 3830 cumulatum.
1283 3762 1399 3829 Habes

240 3889 300 3950 pro
321 3867 528 3932 fundamento
551 3870 750 3934 beatissimas
774 3871 895 3949 literas,
925 3892 987 3955 que
1002 3872 1152 3936 erudiunt
1174 3871 1213 3934 ad
1237 3871 1397 3934 eternita-

240 3978 315 4052 tem,
329 3976 445 4059 quibus
457 3983 644 4042 ornamenta
660 3977 851 4042 elocucionis
864 3976 1046 4056 adiunxisti,
1061 3981 1098 4040 ut
1110 3975 1269 4061 perfectus
1282 3975 1401 4042 rhetor

241 4087 412 4165 aratorque
435 4082 467 4145 in
491 4084 577 4147 omni
601 4105 717 4166 genere
735 4082 859 4147 dicendi
884 4083 1110 4169 integerrimus
1127 4082 1272 4149 videaris.
1310 4081 1402 4157 Quas

243 4187 369 4270 quidem
394 4192 534 4252 artes-
552 4190 577 4252 si
602 4188 646 4252 ita
672 4189 732 4252 dici
757 4189 872 4252 debent
887 4223 930 4235 -
946 4188 1194 4272 preclarissimas
1221 4186 1401 4271 fraglanti-

240 4290 323 4356 bus¹
347 4295 482 4358 adornas
505 4294 673 4372 coloribus,
697 4299 734 4357 ut
757 4299 840 4358 recte
863 4315 990 4373 omnes,
1014 4293 1069 4378 qui
1093 4293 1291 4377 dulciloquos
1312 4293 1403 4358 sales

313 4521 325 4578 l
347 4517 440 4574 Statt:
458 4516 488 4571 in
507 4535 579 4573 eam.
652 4519 721 4572 2:
739 4445 868 4589 fragiare
886 4535 907 4572 s.
931 4516 1119 4582 Dieffenbcch,
1138 4517 1261 4574 Glossar.
1281 4535 1301 4574 s.
1321 4517 1352 4575 h.
1374 4539 1402 4574 v.
