<?xml version="1.0" encoding="UTF-8"?>
<!DOCTYPE html PUBLIC "-//W3C//DTD XHTML 1.0 Transitional//EN"
    "http://www.w3.org/TR/xhtml1/DTD/xhtml1-transitional.dtd">
<html xmlns="http://www.w3.org/1999/xhtml" xml:lang="en" lang="en">
 <head>
  <title>
</title>
<meta http-equiv="Content-Type" content="text/html;charset=utf-8" />
  <meta name='ocr-system' content='tesseract 3.04.00' />
  <meta name='ocr-capabilities' content='ocr_page ocr_carea ocr_par ocr_line ocrx_word'/>
</head>
<body>
  <div class='ocr_page' id='page_1' title='image "./hermannschedels00schegoog_0616.png"; bbox 0 0 3002 5062; ppageno 0'>
   <div class='ocr_carea' id='block_1_1' title="bbox 264 403 1100 477">
    <p class='ocr_par' dir='ltr' id='par_1_1' title="bbox 264 403 1100 477">
     <span class='ocr_line' id='line_1_1' title="bbox 264 403 1100 477; baseline -0.014 -3"><span class='ocrx_word' id='word_1_1' title='bbox 264 407 327 474; x_wconf 81' lang='grc'><strong>362</strong></span> <span class='ocrx_word' id='word_1_2' title='bbox 575 403 698 476; x_wconf 81' lang='lat' dir='ltr'><strong>Anhang</strong></span> <span class='ocrx_word' id='word_1_3' title='bbox 712 403 890 462; x_wconf 74' lang='lat' dir='ltr'><strong>vervandtsr</strong></span> <span class='ocrx_word' id='word_1_4' title='bbox 902 405 1100 477; x_wconf 72' lang='lat' dir='ltr'><strong>mthlnngeu.</strong></span> 
     </span>
    </p>
   </div>
   <div class='ocr_carea' id='block_1_2' title="bbox 227 583 1418 2354">
    <p class='ocr_par' dir='ltr' id='par_1_2' title="bbox 263 583 1418 985">
     <span class='ocr_line' id='line_1_2' title="bbox 263 583 1418 670; baseline 0.002 -22"><span class='ocrx_word' id='word_1_5' title='bbox 263 584 398 649; x_wconf 88' lang='lat' dir='ltr'><strong>fundum</strong></span> <span class='ocrx_word' id='word_1_6' title='bbox 420 583 545 667; x_wconf 90' lang='lat' dir='ltr'><strong>pistori,</strong></span> <span class='ocrx_word' id='word_1_7' title='bbox 570 584 653 669; x_wconf 89' lang='lat' dir='ltr'><strong>quod</strong></span> <span class='ocrx_word' id='word_1_8' title='bbox 678 584 826 670; x_wconf 78' lang='lat' dir='ltr'><strong>frugibus</strong></span> <span class='ocrx_word' id='word_1_9' title='bbox 849 591 919 650; x_wconf 87' lang='lat' dir='ltr'><strong>erat</strong></span> <span class='ocrx_word' id='word_1_10' title='bbox 940 585 1117 666; x_wconf 85' lang='lat' dir='ltr'><strong>abundans,</strong></span> <span class='ocrx_word' id='word_1_11' title='bbox 1142 606 1199 648; x_wconf 89' lang='lat' dir='ltr'><strong>nec</strong></span> <span class='ocrx_word' id='word_1_12' title='bbox 1222 591 1294 650; x_wconf 82' lang='lat' dir='ltr'><strong>erat</strong></span> <span class='ocrx_word' id='word_1_13' title='bbox 1316 587 1418 670; x_wconf 83' lang='lat' dir='ltr'><strong>pistor</strong></span> 
     </span>
     <span class='ocr_line' id='line_1_3' title="bbox 263 689 1417 775; baseline 0.001 -22"><span class='ocrx_word' id='word_1_14' title='bbox 263 689 429 766; x_wconf 87' lang='lat' dir='ltr'><strong>solvendo;</strong></span> <span class='ocrx_word' id='word_1_15' title='bbox 456 689 612 755; x_wconf 73' lang='lat' dir='ltr'><strong>immiscet</strong></span> <span class='ocrx_word' id='word_1_16' title='bbox 634 712 667 754; x_wconf 88' lang='lat' dir='ltr'><strong>se</strong></span> <span class='ocrx_word' id='word_1_17' title='bbox 690 711 769 756; x_wconf 86' lang='lat' dir='ltr'><strong>uxor</strong></span> <span class='ocrx_word' id='word_1_18' title='bbox 791 696 825 756; x_wconf 90' lang='lat' dir='ltr'><strong>et</strong></span> <span class='ocrx_word' id='word_1_19' title='bbox 846 689 916 755; x_wconf 82' lang='lat' dir='ltr'><strong>vult</strong></span> <span class='ocrx_word' id='word_1_20' title='bbox 931 691 1001 775; x_wconf 88' lang='lat' dir='ltr'><strong>ipsa</strong></span> <span class='ocrx_word' id='word_1_21' title='bbox 1023 691 1214 757; x_wconf 82' lang='lat' dir='ltr'><strong>venundata</strong></span> <span class='ocrx_word' id='word_1_22' title='bbox 1260 689 1339 756; x_wconf 88' lang='lat' dir='ltr'><strong>Post</strong></span> <span class='ocrx_word' id='word_1_23' title='bbox 1354 691 1417 756; x_wconf 90' lang='lat' dir='ltr'><strong>dis·</strong></span> 
     </span>
     <span class='ocr_line' id='line_1_4' title="bbox 265 795 1416 880; baseline 0 -20"><span class='ocrx_word' id='word_1_24' title='bbox 265 817 383 860; x_wconf 90' lang='lat' dir='ltr'><strong>cessum</strong></span> <span class='ocrx_word' id='word_1_25' title='bbox 408 795 539 878; x_wconf 87' lang='lat' dir='ltr'><strong>pistoris</strong></span> <span class='ocrx_word' id='word_1_26' title='bbox 562 796 705 860; x_wconf 89' lang='lat' dir='ltr'><strong>minatur</strong></span> <span class='ocrx_word' id='word_1_27' title='bbox 727 795 835 874; x_wconf 88' lang='lat' dir='ltr'><strong>uxori,</strong></span> <span class='ocrx_word' id='word_1_28' title='bbox 870 797 896 859; x_wconf 90' lang='lat' dir='ltr'><strong>si</strong></span> <span class='ocrx_word' id='word_1_29' title='bbox 921 797 952 859; x_wconf 94' lang='lat' dir='ltr'><strong>in</strong></span> <span class='ocrx_word' id='word_1_30' title='bbox 977 800 1140 880; x_wconf 89' lang='lat' dir='ltr'><strong>posterum</strong></span> <span class='ocrx_word' id='word_1_31' title='bbox 1172 817 1205 860; x_wconf 89' lang='lat' dir='ltr'><strong>se</strong></span> <span class='ocrx_word' id='word_1_32' title='bbox 1229 796 1416 880; x_wconf 84' lang='lat' dir='ltr'><strong>interponat</strong></span> 
     </span>
     <span class='ocr_line' id='line_1_5' title="bbox 264 899 1417 985; baseline -0.002 -19"><span class='ocrx_word' id='word_1_33' title='bbox 264 901 329 966; x_wconf 86' lang='lat' dir='ltr'><strong>suis</strong></span> <span class='ocrx_word' id='word_1_34' title='bbox 353 901 501 985; x_wconf 91' lang='lat' dir='ltr'><strong>negotiis,</strong></span> <span class='ocrx_word' id='word_1_35' title='bbox 525 902 620 966; x_wconf 88' lang='lat' dir='ltr'><strong>etiam</strong></span> <span class='ocrx_word' id='word_1_36' title='bbox 645 907 778 966; x_wconf 87' lang='lat' dir='ltr'><strong>mortem</strong></span> <span class='ocrx_word' id='word_1_37' title='bbox 804 902 903 966; x_wconf 87' lang='lat' dir='ltr'><strong>fidens</strong></span> <span class='ocrx_word' id='word_1_38' title='bbox 923 922 999 965; x_wconf 88' lang='lat' dir='ltr'><strong>suae</strong></span> <span class='ocrx_word' id='word_1_39' title='bbox 1022 899 1114 964; x_wconf 89' lang='lat' dir='ltr'><strong>cheli.</strong></span> <span class='ocrx_word' id='word_1_40' title='bbox 1159 901 1256 978; x_wconf 80' lang='lat' dir='ltr'><strong>‘Quin</strong></span> <span class='ocrx_word' id='word_1_41' title='bbox 1280 899 1417 965; x_wconf 73' lang='lat' dir='ltr'><strong>tentast&#39;</strong></span> 
     </span>
    </p>

    <p class='ocr_par' dir='ltr' id='par_1_3' title="bbox 240 1005 1417 1512">
     <span class='ocr_line' id='line_1_6' title="bbox 240 1005 1416 1091; baseline -0.001 -22"><span class='ocrx_word' id='word_1_42' title='bbox 240 1007 378 1091; x_wconf 72' lang='lat' dir='ltr'><strong>sinquil</strong></span> <span class='ocrx_word' id='word_1_43' title='bbox 399 1006 457 1071; x_wconf 95' lang='lat' dir='ltr'><strong>illa</strong></span> <span class='ocrx_word' id='word_1_44' title='bbox 478 1012 575 1090; x_wconf 87' lang='lat' dir='ltr'><strong>atque</strong></span> <span class='ocrx_word' id='word_1_45' title='bbox 598 1007 706 1070; x_wconf 88' lang='lat' dir='ltr'><strong>irritat</strong></span> <span class='ocrx_word' id='word_1_46' title='bbox 722 1028 803 1072; x_wconf 89' lang='lat' dir='ltr'><strong>eum.</strong></span> <span class='ocrx_word' id='word_1_47' title='bbox 847 1005 1029 1071; x_wconf 74' lang='lat' dir='ltr'>Commotus</span> <span class='ocrx_word' id='word_1_48' title='bbox 1052 1005 1106 1070; x_wconf 87' lang='lat' dir='ltr'><strong>ille</strong></span> <span class='ocrx_word' id='word_1_49' title='bbox 1121 1005 1224 1070; x_wconf 88' lang='lat' dir='ltr'><strong>trabit</strong></span> <span class='ocrx_word' id='word_1_50' title='bbox 1246 1005 1336 1070; x_wconf 90' lang='lat' dir='ltr'><strong>illam</strong></span> <span class='ocrx_word' id='word_1_51' title='bbox 1355 1005 1416 1069; x_wconf 87' lang='lat' dir='ltr'><strong>cri-</strong></span> 
     </span>
     <span class='ocr_line' id='line_1_7' title="bbox 267 1109 1417 1195; baseline -0.001 -21"><span class='ocrx_word' id='word_1_52' title='bbox 267 1110 360 1176; x_wconf 91' lang='lat' dir='ltr'><strong>nibus</strong></span> <span class='ocrx_word' id='word_1_53' title='bbox 382 1133 418 1176; x_wconf 92' lang='lat' dir='ltr'><strong>ac</strong></span> <span class='ocrx_word' id='word_1_54' title='bbox 441 1111 539 1176; x_wconf 75' lang='lat' dir='ltr'><strong>illidit</strong></span> <span class='ocrx_word' id='word_1_55' title='bbox 560 1111 752 1195; x_wconf 73' lang='lat' dir='ltr'><strong>perlucente.</strong></span> <span class='ocrx_word' id='word_1_56' title='bbox 785 1109 847 1176; x_wconf 89' lang='lat' dir='ltr'><strong>Illa</strong></span> <span class='ocrx_word' id='word_1_57' title='bbox 869 1111 987 1176; x_wconf 85' lang='lat' dir='ltr'><strong>eiulare</strong></span> <span class='ocrx_word' id='word_1_58' title='bbox 1008 1131 1045 1176; x_wconf 90' lang='lat' dir='ltr'><strong>ac</strong></span> <span class='ocrx_word' id='word_1_59' title='bbox 1067 1111 1214 1176; x_wconf 84' lang='lat' dir='ltr'><strong>clamere.</strong></span> <span class='ocrx_word' id='word_1_60' title='bbox 1257 1109 1417 1175; x_wconf 73' lang='lat' dir='ltr'>Mercator</span> 
     </span>
     <span class='ocr_line' id='line_1_8' title="bbox 265 1215 1415 1301; baseline 0 -22"><span class='ocrx_word' id='word_1_61' title='bbox 265 1215 427 1299; x_wconf 89' lang='lat' dir='ltr'><strong>gladium,</strong></span> <span class='ocrx_word' id='word_1_62' title='bbox 458 1238 521 1300; x_wconf 90' lang='lat' dir='ltr'><strong>quo</strong></span> <span class='ocrx_word' id='word_1_63' title='bbox 543 1217 703 1282; x_wconf 87' lang='lat' dir='ltr'><strong>accinctus</strong></span> <span class='ocrx_word' id='word_1_64' title='bbox 726 1224 814 1296; x_wconf 88' lang='lat' dir='ltr'><strong>erat,</strong></span> <span class='ocrx_word' id='word_1_65' title='bbox 844 1217 1037 1301; x_wconf 71' lang='lat' dir='ltr'><strong>distringere</strong></span> <span class='ocrx_word' id='word_1_66' title='bbox 1063 1237 1101 1280; x_wconf 88' lang='lat' dir='ltr'><strong>ac</strong></span> <span class='ocrx_word' id='word_1_67' title='bbox 1134 1239 1264 1282; x_wconf 86' lang='lat' dir='ltr'><strong>uxorem</strong></span> <span class='ocrx_word' id='word_1_68' title='bbox 1291 1216 1415 1281; x_wconf 88' lang='lat' dir='ltr'><strong>bisant</strong></span> 
     </span>
     <span class='ocr_line' id='line_1_9' title="bbox 265 1320 1416 1407; baseline 0.001 -24"><span class='ocrx_word' id='word_1_69' title='bbox 265 1325 314 1384; x_wconf 91' lang='lat' dir='ltr'><strong>ter</strong></span> <span class='ocrx_word' id='word_1_70' title='bbox 339 1320 522 1398; x_wconf 85' lang='lat' dir='ltr'><strong>vulnerare;</strong></span> <span class='ocrx_word' id='word_1_71' title='bbox 555 1321 613 1386; x_wconf 89' lang='lat' dir='ltr'><strong>illa</strong></span> <span class='ocrx_word' id='word_1_72' title='bbox 642 1324 781 1387; x_wconf 86' lang='lat' dir='ltr'><strong>animam</strong></span> <span class='ocrx_word' id='word_1_73' title='bbox 811 1343 916 1407; x_wconf 89' lang='lat' dir='ltr'><strong>agere.</strong></span> <span class='ocrx_word' id='word_1_74' title='bbox 965 1322 1122 1387; x_wconf 76' lang='lat' dir='ltr'><strong>Mercator</strong></span> <span class='ocrx_word' id='word_1_75' title='bbox 1153 1321 1215 1386; x_wconf 87' lang='lat' dir='ltr'><strong>lide</strong></span> <span class='ocrx_word' id='word_1_76' title='bbox 1248 1320 1416 1397; x_wconf 71' lang='lat' dir='ltr'><strong>modulari,</strong></span> 
     </span>
     <span class='ocr_line' id='line_1_10' title="bbox 264 1425 1415 1512; baseline -0.001 -21"><span class='ocrx_word' id='word_1_77' title='bbox 264 1427 359 1511; x_wconf 92' lang='lat' dir='ltr'><strong>idque</strong></span> <span class='ocrx_word' id='word_1_78' title='bbox 383 1425 577 1512; x_wconf 77' lang='lat' dir='ltr'><strong>aliquandiu.</strong></span> <span class='ocrx_word' id='word_1_79' title='bbox 625 1426 743 1492; x_wconf 88' lang='lat' dir='ltr'><strong>Videns</strong></span> <span class='ocrx_word' id='word_1_80' title='bbox 766 1433 892 1504; x_wconf 89' lang='lat' dir='ltr'><strong>autem,</strong></span> <span class='ocrx_word' id='word_1_81' title='bbox 926 1429 1010 1512; x_wconf 89' lang='lat' dir='ltr'><strong>quod</strong></span> <span class='ocrx_word' id='word_1_82' title='bbox 1035 1427 1125 1492; x_wconf 91' lang='lat' dir='ltr'><strong>nullo</strong></span> <span class='ocrx_word' id='word_1_83' title='bbox 1157 1426 1250 1492; x_wconf 87' lang='lat' dir='ltr'><strong>modo</strong></span> <span class='ocrx_word' id='word_1_84' title='bbox 1283 1448 1317 1490; x_wconf 90' lang='lat' dir='ltr'><strong>se</strong></span> <span class='ocrx_word' id='word_1_85' title='bbox 1349 1447 1415 1490; x_wconf 90' lang='lat' dir='ltr'><strong>rno-</strong></span> 
     </span>
    </p>

    <p class='ocr_par' dir='ltr' id='par_1_4' title="bbox 227 1530 1417 2038">
     <span class='ocr_line' id='line_1_11' title="bbox 227 1530 1416 1616; baseline -0.001 -21"><span class='ocrx_word' id='word_1_86' title='bbox 227 1536 363 1610; x_wconf 77' lang='lat' dir='ltr'><strong>ureret,</strong></span> <span class='ocrx_word' id='word_1_87' title='bbox 387 1531 529 1616; x_wconf 88' lang='lat' dir='ltr'><strong>loquitur</strong></span> <span class='ocrx_word' id='word_1_88' title='bbox 551 1532 612 1596; x_wconf 90' lang='lat' dir='ltr'><strong>sibi</strong></span> <span class='ocrx_word' id='word_1_89' title='bbox 636 1533 696 1616; x_wconf 89' lang='lat' dir='ltr'><strong>ipsi</strong></span> <span class='ocrx_word' id='word_1_90' title='bbox 721 1555 758 1598; x_wconf 86' lang='lat' dir='ltr'><strong>nc</strong></span> <span class='ocrx_word' id='word_1_91' title='bbox 781 1533 844 1597; x_wconf 89' lang='lat' dir='ltr'><strong>ait:</strong></span> <span class='ocrx_word' id='word_1_92' title='bbox 874 1531 964 1597; x_wconf 79' lang='lat' dir='ltr'><strong>‘Tun‘</strong></span> <span class='ocrx_word' id='word_1_93' title='bbox 989 1538 1022 1597; x_wconf 88' lang='lat' dir='ltr'><strong>te</strong></span> <span class='ocrx_word' id='word_1_94' title='bbox 1044 1553 1160 1609; x_wconf 85' lang='lat' dir='ltr'><strong>moves,</strong></span> <span class='ocrx_word' id='word_1_95' title='bbox 1183 1530 1260 1596; x_wconf 88' lang='lat' dir='ltr'><strong>licet</strong></span> <span class='ocrx_word' id='word_1_96' title='bbox 1285 1552 1345 1615; x_wconf 90' lang='lat' dir='ltr'><strong>ego</strong></span> <span class='ocrx_word' id='word_1_97' title='bbox 1369 1552 1416 1594; x_wconf 89' lang='lat' dir='ltr'><strong>ms</strong></span> 
     </span>
     <span class='ocr_line' id='line_1_12' title="bbox 265 1637 1417 1722; baseline -0.001 -22"><span class='ocrx_word' id='word_1_98' title='bbox 265 1657 389 1701; x_wconf 85' lang='lat' dir='ltr'><strong>enecem</strong></span> <span class='ocrx_word' id='word_1_99' title='bbox 413 1637 549 1703; x_wconf 90' lang='lat' dir='ltr'><strong>ludendo</strong></span> <span class='ocrx_word' id='word_1_100' title='bbox 558 1637 575 1702; x_wconf 85' lang='lat' dir='ltr'><strong>l&#39;</strong></span> <span class='ocrx_word' id='word_1_101' title='bbox 609 1637 714 1702; x_wconf 89' lang='lat' dir='ltr'><strong>lratus</strong></span> <span class='ocrx_word' id='word_1_102' title='bbox 737 1637 863 1704; x_wconf 78' lang='lat' dir='ltr'><strong>collidit</strong></span> <span class='ocrx_word' id='word_1_103' title='bbox 886 1637 1002 1702; x_wconf 89' lang='lat' dir='ltr'><strong>chelim</strong></span> <span class='ocrx_word' id='word_1_104' title='bbox 1025 1638 1141 1722; x_wconf 88' lang='lat' dir='ltr'><strong>parieti</strong></span> <span class='ocrx_word' id='word_1_105' title='bbox 1163 1658 1200 1701; x_wconf 93' lang='lat' dir='ltr'><strong>ac</strong></span> <span class='ocrx_word' id='word_1_106' title='bbox 1219 1637 1417 1702; x_wconf 90' lang='lat' dir='ltr'><strong>comminuit.</strong></span> 
     </span>
     <span class='ocr_line' id='line_1_13' title="bbox 265 1740 1415 1828; baseline -0.002 -20"><span class='ocrx_word' id='word_1_107' title='bbox 265 1741 359 1826; x_wconf 85' lang='lat' dir='ltr'><strong>Capit</strong></span> <span class='ocrx_word' id='word_1_108' title='bbox 380 1740 485 1807; x_wconf 89' lang='lat' dir='ltr'><strong>frusta</strong></span> <span class='ocrx_word' id='word_1_109' title='bbox 507 1765 544 1808; x_wconf 89' lang='lat' dir='ltr'><strong>ac</strong></span> <span class='ocrx_word' id='word_1_110' title='bbox 566 1744 711 1823; x_wconf 85' lang='lat' dir='ltr'><strong>chordas,</strong></span> <span class='ocrx_word' id='word_1_111' title='bbox 734 1744 873 1810; x_wconf 88' lang='lat' dir='ltr'><strong>accurrit</strong></span> <span class='ocrx_word' id='word_1_112' title='bbox 895 1744 932 1808; x_wconf 92' lang='lat' dir='ltr'><strong>ad</strong></span> <span class='ocrx_word' id='word_1_113' title='bbox 949 1743 1102 1828; x_wconf 91' lang='lat' dir='ltr'><strong>pistorem</strong></span> <span class='ocrx_word' id='word_1_114' title='bbox 1126 1743 1251 1808; x_wconf 87' lang='lat' dir='ltr'><strong>dicens:</strong></span> <span class='ocrx_word' id='word_1_115' title='bbox 1274 1741 1415 1818; x_wconf 78' lang='lat' dir='ltr'><strong>‘Qualem</strong></span> 
     </span>
     <span class='ocr_line' id='line_1_14' title="bbox 266 1846 1414 1932; baseline 0.002 -22"><span class='ocrx_word' id='word_1_116' title='bbox 266 1847 344 1911; x_wconf 87' lang='lat' dir='ltr'><strong>mibi</strong></span> <span class='ocrx_word' id='word_1_117' title='bbox 368 1847 481 1912; x_wconf 89' lang='lat' dir='ltr'><strong>dedisti</strong></span> <span class='ocrx_word' id='word_1_118' title='bbox 504 1848 642 1918; x_wconf 68' lang='lat' dir='ltr'><strong>chelim?</strong></span> <span class='ocrx_word' id='word_1_119' title='bbox 671 1846 779 1914; x_wconf 90' lang='lat' dir='ltr'><strong>Occidi</strong></span> <span class='ocrx_word' id='word_1_120' title='bbox 805 1869 936 1913; x_wconf 86' lang='lat' dir='ltr'><strong>uxorem</strong></span> <span class='ocrx_word' id='word_1_121' title='bbox 958 1855 992 1911; x_wconf 90' lang='lat' dir='ltr'><strong>et</strong></span> <span class='ocrx_word' id='word_1_122' title='bbox 1014 1869 1076 1913; x_wconf 94' lang='lat' dir='ltr'><strong>nou</strong></span> <span class='ocrx_word' id='word_1_123' title='bbox 1099 1869 1229 1932; x_wconf 88' lang='lat' dir='ltr'><strong>possum</strong></span> <span class='ocrx_word' id='word_1_124' title='bbox 1252 1847 1342 1913; x_wconf 88' lang='lat' dir='ltr'><strong>illam</strong></span> <span class='ocrx_word' id='word_1_125' title='bbox 1367 1871 1414 1912; x_wconf 92' lang='lat' dir='ltr'><strong>re-</strong></span> 
     </span>
     <span class='ocr_line' id='line_1_15' title="bbox 265 1951 1415 2038; baseline 0.001 -23"><span class='ocrx_word' id='word_1_126' title='bbox 265 1951 435 2017; x_wconf 80' lang='lat' dir='ltr'><strong>vivificare.</strong></span> <span class='ocrx_word' id='word_1_127' title='bbox 480 1951 549 2018; x_wconf 85' lang='lat' dir='ltr'><strong>Tua</strong></span> <span class='ocrx_word' id='word_1_128' title='bbox 572 1954 666 2038; x_wconf 87' lang='lat' dir='ltr'><strong>culpa</strong></span> <span class='ocrx_word' id='word_1_129' title='bbox 690 1955 720 2020; x_wconf 93' lang='lat' dir='ltr'><strong>id</strong></span> <span class='ocrx_word' id='word_1_130' title='bbox 745 1955 864 2019; x_wconf 90' lang='lat' dir='ltr'><strong>factum</strong></span> <span class='ocrx_word' id='word_1_131' title='bbox 889 1953 956 2018; x_wconf 58' lang='lat' dir='ltr'><strong>est?</strong></span> <span class='ocrx_word' id='word_1_132' title='bbox 1000 1953 1415 2038; x_wconf 73' lang='lat' dir='ltr'><strong>‘P01,‘inquispisc0r‚‘si</strong></span> 
     </span>
    </p>

    <p class='ocr_par' dir='ltr' id='par_1_5' title="bbox 229 2058 1417 2354">
     <span class='ocr_line' id='line_1_16' title="bbox 229 2058 1413 2144; baseline 0.003 -26"><span class='ocrx_word' id='word_1_133' title='bbox 229 2080 251 2118; x_wconf 82' lang='lat' dir='ltr'><strong>n</strong></span> <span class='ocrx_word' id='word_1_134' title='bbox 267 2079 328 2121; x_wconf 90' lang='lat' dir='ltr'><strong>non</strong></span> <span class='ocrx_word' id='word_1_135' title='bbox 353 2062 400 2121; x_wconf 92' lang='lat' dir='ltr'><strong>est</strong></span> <span class='ocrx_word' id='word_1_136' title='bbox 424 2058 483 2122; x_wconf 90' lang='lat' dir='ltr'><strong>tibi</strong></span> <span class='ocrx_word' id='word_1_137' title='bbox 508 2062 611 2140; x_wconf 86' lang='lat' dir='ltr'><strong>grata,</strong></span> <span class='ocrx_word' id='word_1_138' title='bbox 635 2060 778 2140; x_wconf 83' lang='lat' dir='ltr'><strong>restitue,</strong></span> <span class='ocrx_word' id='word_1_139' title='bbox 802 2066 835 2122; x_wconf 90' lang='lat' dir='ltr'><strong>et</strong></span> <span class='ocrx_word' id='word_1_140' title='bbox 857 2081 916 2144; x_wconf 84' lang='lat' dir='ltr'><strong>ego</strong></span> <span class='ocrx_word' id='word_1_141' title='bbox 939 2060 1115 2143; x_wconf 84' lang='lat' dir='ltr'><strong>expositam</strong></span> <span class='ocrx_word' id='word_1_142' title='bbox 1137 2064 1227 2123; x_wconf 87' lang='lat' dir='ltr'><strong>tuam</strong></span> <span class='ocrx_word' id='word_1_143' title='bbox 1250 2061 1413 2143; x_wconf 84' lang='lat' dir='ltr'><strong>pecuniam</strong></span> 
     </span>
     <span class='ocr_line' id='line_1_17' title="bbox 264 2163 1417 2249; baseline 0.001 -23"><span class='ocrx_word' id='word_1_144' title='bbox 264 2163 381 2228; x_wconf 87' lang='lat' dir='ltr'><strong>curabo</strong></span> <span class='ocrx_word' id='word_1_145' title='bbox 406 2164 608 2231; x_wconf 83' lang='lat' dir='ltr'><strong>restitutam&#39;</strong></span> <span class='ocrx_word' id='word_1_146' title='bbox 654 2165 733 2230; x_wconf 82' lang='lat' dir='ltr'><strong>Cum</strong></span> <span class='ocrx_word' id='word_1_147' title='bbox 763 2169 867 2230; x_wconf 87' lang='lat' dir='ltr'><strong>autem</strong></span> <span class='ocrx_word' id='word_1_148' title='bbox 892 2185 956 2229; x_wconf 89' lang='lat' dir='ltr'><strong>nou</strong></span> <span class='ocrx_word' id='word_1_149' title='bbox 987 2172 1094 2248; x_wconf 88' lang='lat' dir='ltr'><strong>posset</strong></span> <span class='ocrx_word' id='word_1_150' title='bbox 1125 2167 1311 2246; x_wconf 71' lang='lat' dir='ltr'><strong>restituere,</strong></span> <span class='ocrx_word' id='word_1_151' title='bbox 1345 2166 1417 2249; x_wconf 90' lang='lat' dir='ltr'><strong>quia</strong></span> 
     </span>
     <span class='ocr_line' id='line_1_18' title="bbox 266 2266 1101 2354; baseline 0.002 -23"><span class='ocrx_word' id='word_1_152' title='bbox 266 2273 335 2331; x_wconf 89' lang='lat' dir='ltr'><strong>erat</strong></span> <span class='ocrx_word' id='word_1_153' title='bbox 357 2266 472 2348; x_wconf 87' lang='lat' dir='ltr'><strong>fracta,</strong></span> <span class='ocrx_word' id='word_1_154' title='bbox 496 2271 629 2334; x_wconf 81' lang='lat' dir='ltr'><strong>assumit</strong></span> <span class='ocrx_word' id='word_1_155' title='bbox 650 2271 710 2335; x_wconf 89' lang='lat' dir='ltr'><strong>sibi</strong></span> <span class='ocrx_word' id='word_1_156' title='bbox 735 2271 887 2335; x_wconf 79' lang='lat' dir='ltr'><strong>viaticum</strong></span> <span class='ocrx_word' id='word_1_157' title='bbox 909 2274 942 2334; x_wconf 91' lang='lat' dir='ltr'><strong>et</strong></span> <span class='ocrx_word' id='word_1_158' title='bbox 963 2270 1101 2354; x_wconf 77' lang='lat' dir='ltr'><strong>aufugit.</strong></span> 
     </span>
    </p>
   </div>
   <div class='ocr_carea' id='block_1_3' title="bbox 722 2513 960 2591">
    <p class='ocr_par' dir='ltr' id='par_1_6' title="bbox 722 2513 960 2591">
     <span class='ocr_line' id='line_1_19' title="bbox 722 2513 960 2591; baseline 0.008 -14"><span class='ocrx_word' id='word_1_159' title='bbox 722 2513 960 2591; x_wconf 59' lang='lat' dir='ltr'><strong>Wme</strong></span> 
     </span>
    </p>
   </div>
   <div class='ocr_carea' id='block_1_4' title="bbox 229 2607 1413 2746">
    <p class='ocr_par' dir='ltr' id='par_1_7' title="bbox 229 2607 1413 2746">
     <span class='ocr_line' id='line_1_20' title="bbox 229 2607 1413 2746; baseline 0.002 -18"><span class='ocrx_word' id='word_1_160' title='bbox 229 2607 1413 2746; x_wconf 56' lang='lat' dir='ltr'><strong>”mmmmmmmmmummmm,</strong></span> 
     </span>
    </p>
   </div>
   <div class='ocr_carea' id='block_1_5' title="bbox 527 2779 1145 2874">
    <p class='ocr_par' dir='ltr' id='par_1_8' title="bbox 527 2779 1145 2874">
     <span class='ocr_line' id='line_1_21' title="bbox 527 2779 1145 2874; baseline 0.003 -22"><span class='ocrx_word' id='word_1_161' title='bbox 527 2779 1145 2874; x_wconf 60' lang='lat' dir='ltr'><strong>mmmmmmmm</strong></span> 
     </span>
    </p>
   </div>
   <div class='ocr_carea' id='block_1_6' title="bbox 265 2959 1483 3062">
    <p class='ocr_par' dir='ltr' id='par_1_9' title="bbox 265 2959 1483 3062">
     <span class='ocr_line' id='line_1_22' title="bbox 265 2959 1483 3062; baseline 0 -46"><span class='ocrx_word' id='word_1_162' title='bbox 265 2961 300 3032; x_wconf 89' lang='lat' dir='ltr'><strong>(J.</strong></span> <span class='ocrx_word' id='word_1_163' title='bbox 314 2961 524 3026; x_wconf 85' lang='lat' dir='ltr'><strong>Hulsbnsch,</strong></span> <span class='ocrx_word' id='word_1_164' title='bbox 537 2959 625 3030; x_wconf 75' lang='lat' dir='ltr'><strong>Sylva</strong></span> <span class='ocrx_word' id='word_1_165' title='bbox 634 2977 792 3017; x_wconf 86' lang='lat' dir='ltr'><strong>sermonum</strong></span> <span class='ocrx_word' id='word_1_166' title='bbox 807 2961 1079 3019; x_wconf 88' lang='lat' dir='ltr'><strong>iucundissimcrum.</strong></span> <span class='ocrx_word' id='word_1_167' title='bbox 1092 2961 1219 3017; x_wconf 85' lang='lat' dir='ltr'><strong>Basileae</strong></span> <span class='ocrx_word' id='word_1_168' title='bbox 1230 2962 1306 3025; x_wconf 73' lang='lat'><strong>15⁶8,</strong></span> <span class='ocrx_word' id='word_1_169' title='bbox 1317 2981 1338 3017; x_wconf 82' lang='lat' dir='ltr'><strong>a</strong></span> <span class='ocrx_word' id='word_1_170' title='bbox 1351 2963 1414 3029; x_wconf 72' lang='lat' dir='ltr'><strong>loc.)</strong></span> <span class='ocrx_word' id='word_1_171' title='bbox 1482 3035 1483 3062; x_wconf 25' lang='grc'>1</span> 
     </span>
    </p>
   </div>
   <div class='ocr_carea' id='block_1_7' title="bbox 228 3111 1412 3409">
    <p class='ocr_par' dir='ltr' id='par_1_10' title="bbox 228 3111 1412 3409">
     <span class='ocr_line' id='line_1_23' title="bbox 228 3111 1412 3196; baseline 0.003 -24"><span class='ocrx_word' id='word_1_172' title='bbox 228 3135 253 3172; x_wconf 79' lang='lat' dir='ltr'><strong>as</strong></span> <span class='ocrx_word' id='word_1_173' title='bbox 356 3111 516 3192; x_wconf 85' lang='lat' dir='ltr'><strong>Rusticus,</strong></span> <span class='ocrx_word' id='word_1_174' title='bbox 539 3112 628 3178; x_wconf 89' lang='lat' dir='ltr'><strong>cuius</strong></span> <span class='ocrx_word' id='word_1_175' title='bbox 652 3134 767 3177; x_wconf 87' lang='lat' dir='ltr'><strong>nomen</strong></span> <span class='ocrx_word' id='word_1_176' title='bbox 790 3113 870 3176; x_wconf 90' lang='lat' dir='ltr'><strong>mihi</strong></span> <span class='ocrx_word' id='word_1_177' title='bbox 894 3113 1032 3192; x_wconf 86' lang='lat' dir='ltr'><strong>excidit,</strong></span> <span class='ocrx_word' id='word_1_178' title='bbox 1056 3112 1169 3177; x_wconf 88' lang='lat' dir='ltr'><strong>babuit</strong></span> <span class='ocrx_word' id='word_1_179' title='bbox 1200 3113 1303 3178; x_wconf 83' lang='lat' dir='ltr'><strong>lilium</strong></span> <span class='ocrx_word' id='word_1_180' title='bbox 1327 3119 1412 3196; x_wconf 87' lang='lat' dir='ltr'><strong>petu-</strong></span> 
     </span>
     <span class='ocr_line' id='line_1_24' title="bbox 267 3217 1412 3304; baseline -0.003 -20"><span class='ocrx_word' id='word_1_181' title='bbox 267 3221 406 3299; x_wconf 90' lang='lat' dir='ltr'><strong>lantem,</strong></span> <span class='ocrx_word' id='word_1_182' title='bbox 438 3221 493 3304; x_wconf 88' lang='lat' dir='ltr'><strong>qni</strong></span> <span class='ocrx_word' id='word_1_183' title='bbox 517 3224 590 3303; x_wconf 89' lang='lat' dir='ltr'><strong>post</strong></span> <span class='ocrx_word' id='word_1_184' title='bbox 614 3222 747 3284; x_wconf 87' lang='lat' dir='ltr'><strong>mortem</strong></span> <span class='ocrx_word' id='word_1_185' title='bbox 781 3218 883 3302; x_wconf 84' lang='lat' dir='ltr'><strong>patris</strong></span> <span class='ocrx_word' id='word_1_186' title='bbox 906 3217 1085 3303; x_wconf 76' lang='lat' dir='ltr'><strong>designavit</strong></span> <span class='ocrx_word' id='word_1_187' title='bbox 1117 3217 1235 3282; x_wconf 86' lang='lat' dir='ltr'><strong>multas</strong></span> <span class='ocrx_word' id='word_1_188' title='bbox 1259 3217 1412 3302; x_wconf 86' lang='lat' dir='ltr'><strong>nequitias</strong></span> 
     </span>
     <span class='ocr_line' id='line_1_25' title="bbox 266 3321 1412 3409; baseline -0.003 -20"><span class='ocrx_word' id='word_1_189' title='bbox 266 3331 299 3389; x_wconf 90' lang='lat' dir='ltr'><strong>et</strong></span> <span class='ocrx_word' id='word_1_190' title='bbox 322 3323 433 3389; x_wconf 88' lang='lat' dir='ltr'><strong>intulit</strong></span> <span class='ocrx_word' id='word_1_191' title='bbox 458 3324 570 3389; x_wconf 85' lang='lat' dir='ltr'><strong>vicinia</strong></span> <span class='ocrx_word' id='word_1_192' title='bbox 592 3325 694 3389; x_wconf 88' lang='lat' dir='ltr'><strong>multa</strong></span> <span class='ocrx_word' id='word_1_193' title='bbox 717 3324 850 3401; x_wconf 84' lang='lat' dir='ltr'><strong>damna;</strong></span> <span class='ocrx_word' id='word_1_194' title='bbox 880 3346 960 3409; x_wconf 91' lang='lat' dir='ltr'><strong>quas</strong></span> <span class='ocrx_word' id='word_1_195' title='bbox 983 3323 1046 3388; x_wconf 85' lang='lat' dir='ltr'><strong>fuit</strong></span> <span class='ocrx_word' id='word_1_196' title='bbox 1068 3345 1171 3402; x_wconf 81' lang='lat' dir='ltr'><strong>causa,</strong></span> <span class='ocrx_word' id='word_1_197' title='bbox 1195 3346 1253 3388; x_wconf 89' lang='lat' dir='ltr'><strong>cur</strong></span> <span class='ocrx_word' id='word_1_198' title='bbox 1275 3324 1324 3387; x_wconf 93' lang='lat' dir='ltr'><strong>illi</strong></span> <span class='ocrx_word' id='word_1_199' title='bbox 1348 3321 1412 3386; x_wconf 88' lang='lat' dir='ltr'><strong>red-</strong></span> 
     </span>
    </p>
   </div>
   <div class='ocr_carea' id='block_1_8' title="bbox 266 3426 1482 3513">
    <p class='ocr_par' dir='ltr' id='par_1_11' title="bbox 266 3426 1482 3513">
     <span class='ocr_line' id='line_1_26' title="bbox 266 3426 1482 3513; baseline -0.003 -19"><span class='ocrx_word' id='word_1_200' title='bbox 266 3430 377 3494; x_wconf 88' lang='lat' dir='ltr'><strong>derent</strong></span> <span class='ocrx_word' id='word_1_201' title='bbox 398 3429 490 3512; x_wconf 88' lang='lat' dir='ltr'><strong>paria</strong></span> <span class='ocrx_word' id='word_1_202' title='bbox 511 3434 545 3494; x_wconf 87' lang='lat' dir='ltr'><strong>et</strong></span> <span class='ocrx_word' id='word_1_203' title='bbox 567 3435 751 3513; x_wconf 86' lang='lat' dir='ltr'><strong>satagerent</strong></span> <span class='ocrx_word' id='word_1_204' title='bbox 776 3451 846 3493; x_wconf 91' lang='lat' dir='ltr'><strong>sum</strong></span> <span class='ocrx_word' id='word_1_205' title='bbox 864 3429 1023 3512; x_wconf 83' lang='lat' dir='ltr'><strong>expellere</strong></span> <span class='ocrx_word' id='word_1_206' title='bbox 1039 3451 1077 3493; x_wconf 86' lang='lat' dir='ltr'><strong>ex</strong></span> <span class='ocrx_word' id='word_1_207' title='bbox 1100 3429 1178 3494; x_wconf 86' lang='lat' dir='ltr'><strong>vico.</strong></span> <span class='ocrx_word' id='word_1_208' title='bbox 1220 3426 1297 3493; x_wconf 80' lang='lat' dir='ltr'><strong>Fuit</strong></span> <span class='ocrx_word' id='word_1_209' title='bbox 1312 3437 1411 3493; x_wconf 89' lang='lat' dir='ltr'><strong>autem</strong></span> <span class='ocrx_word' id='word_1_210' title='bbox 1481 3471 1482 3480; x_wconf 23' lang='grc' dir='ltr'><strong>η</strong></span> 
     </span>
    </p>
   </div>
   <div class='ocr_carea' id='block_1_9' title="bbox 227 3533 1411 3936">
    <p class='ocr_par' dir='ltr' id='par_1_12' title="bbox 267 3533 849 3600">
     <span class='ocr_line' id='line_1_27' title="bbox 267 3533 849 3600; baseline 0.003 -2"><span class='ocrx_word' id='word_1_211' title='bbox 267 3536 385 3600; x_wconf 89' lang='lat' dir='ltr'><strong>rustico</strong></span> <span class='ocrx_word' id='word_1_212' title='bbox 408 3555 521 3599; x_wconf 91' lang='lat' dir='ltr'><strong>nomen</strong></span> <span class='ocrx_word' id='word_1_213' title='bbox 551 3533 849 3600; x_wconf 86' lang='lat' dir='ltr'><strong>Mcnocerebellum.</strong></span> 
     </span>
    </p>

    <p class='ocr_par' dir='ltr' id='par_1_13' title="bbox 227 3638 1411 3936">
     <span class='ocr_line' id='line_1_28' title="bbox 227 3638 1411 3724; baseline -0.002 -20"><span class='ocrx_word' id='word_1_214' title='bbox 227 3659 253 3698; x_wconf 77' lang='lat'><strong>³⁰</strong></span> <span class='ocrx_word' id='word_1_215' title='bbox 354 3638 426 3704; x_wconf 87' lang='lat' dir='ltr'><strong>Una</strong></span> <span class='ocrx_word' id='word_1_216' title='bbox 449 3646 540 3705; x_wconf 88' lang='lat' dir='ltr'><strong>nocte</strong></span> <span class='ocrx_word' id='word_1_217' title='bbox 564 3647 789 3724; x_wconf 76' lang='lat' dir='ltr'><strong>procurarunt,</strong></span> <span class='ocrx_word' id='word_1_218' title='bbox 823 3646 859 3705; x_wconf 90' lang='lat' dir='ltr'><strong>ut</strong></span> <span class='ocrx_word' id='word_1_219' title='bbox 881 3641 994 3705; x_wconf 83' lang='lat' dir='ltr'><strong>furnus</strong></span> <span class='ocrx_word' id='word_1_220' title='bbox 1023 3641 1090 3704; x_wconf 91' lang='lat' dir='ltr'><strong>eius</strong></span> <span class='ocrx_word' id='word_1_221' title='bbox 1112 3641 1330 3717; x_wconf 83' lang='lat' dir='ltr'><strong>incuteretur,</strong></span> <span class='ocrx_word' id='word_1_222' title='bbox 1358 3661 1411 3722; x_wconf 90' lang='lat' dir='ltr'><strong>pu-</strong></span> 
     </span>
     <span class='ocr_line' id='line_1_29' title="bbox 267 3745 1410 3831; baseline -0.002 -21"><span class='ocrx_word' id='word_1_223' title='bbox 267 3751 372 3810; x_wconf 88' lang='lat' dir='ltr'><strong>tantes</strong></span> <span class='ocrx_word' id='word_1_224' title='bbox 394 3767 464 3810; x_wconf 87' lang='lat' dir='ltr'><strong>euru</strong></span> <span class='ocrx_word' id='word_1_225' title='bbox 489 3767 551 3810; x_wconf 89' lang='lat' dir='ltr'><strong>nou</strong></span> <span class='ocrx_word' id='word_1_226' title='bbox 575 3767 665 3829; x_wconf 86' lang='lat' dir='ltr'><strong>posse</strong></span> <span class='ocrx_word' id='word_1_227' title='bbox 689 3767 823 3830; x_wconf 85' lang='lat' dir='ltr'><strong>coquere</strong></span> <span class='ocrx_word' id='word_1_228' title='bbox 855 3767 986 3830; x_wconf 87' lang='lat' dir='ltr'><strong>panem;</strong></span> <span class='ocrx_word' id='word_1_229' title='bbox 1019 3767 1076 3810; x_wconf 92' lang='lat' dir='ltr'><strong>nec</strong></span> <span class='ocrx_word' id='word_1_230' title='bbox 1110 3745 1280 3831; x_wconf 88' lang='lat' dir='ltr'><strong>qnisquam</strong></span> <span class='ocrx_word' id='word_1_231' title='bbox 1312 3765 1410 3808; x_wconf 89' lang='lat' dir='ltr'><strong>eorum</strong></span> 
     </span>
     <span class='ocr_line' id='line_1_30' title="bbox 267 3850 1409 3936; baseline -0.004 -19"><span class='ocrx_word' id='word_1_232' title='bbox 267 3852 371 3917; x_wconf 87' lang='lat' dir='ltr'><strong>facere</strong></span> <span class='ocrx_word' id='word_1_233' title='bbox 396 3853 423 3916; x_wconf 86' lang='lat' dir='ltr'><strong>si</strong></span> <span class='ocrx_word' id='word_1_234' title='bbox 447 3852 570 3935; x_wconf 80' lang='lat' dir='ltr'><strong>copiam</strong></span> <span class='ocrx_word' id='word_1_235' title='bbox 594 3853 747 3936; x_wconf 86' lang='lat' dir='ltr'><strong>coquendi</strong></span> <span class='ocrx_word' id='word_1_236' title='bbox 774 3873 885 3935; x_wconf 86' lang='lat' dir='ltr'><strong>panem</strong></span> <span class='ocrx_word' id='word_1_237' title='bbox 911 3853 943 3915; x_wconf 93' lang='lat' dir='ltr'><strong>in</strong></span> <span class='ocrx_word' id='word_1_238' title='bbox 968 3851 1065 3916; x_wconf 88' lang='lat' dir='ltr'><strong>furno</strong></span> <span class='ocrx_word' id='word_1_239' title='bbox 1086 3873 1160 3930; x_wconf 88' lang='lat' dir='ltr'><strong>suc,</strong></span> <span class='ocrx_word' id='word_1_240' title='bbox 1184 3856 1336 3934; x_wconf 87' lang='lat' dir='ltr'><strong>putantes</strong></span> <span class='ocrx_word' id='word_1_241' title='bbox 1358 3850 1409 3913; x_wconf 88' lang='lat' dir='ltr'><strong>hac</strong></span> 
     </span>
    </p>
   </div>
   <div class='ocr_carea' id='block_1_10' title="bbox 266 3953 1480 4041">
    <p class='ocr_par' dir='ltr' id='par_1_14' title="bbox 266 3953 1480 4041">
     <span class='ocr_line' id='line_1_31' title="bbox 266 3953 1480 4041; baseline -0.005 -19"><span class='ocrx_word' id='word_1_242' title='bbox 266 3958 317 4022; x_wconf 83' lang='lat' dir='ltr'><strong>via</strong></span> <span class='ocrx_word' id='word_1_243' title='bbox 340 3958 498 4040; x_wconf 86' lang='lat' dir='ltr'><strong>expellere</strong></span> <span class='ocrx_word' id='word_1_244' title='bbox 521 3979 591 4020; x_wconf 88' lang='lat' dir='ltr'><strong>eum</strong></span> <span class='ocrx_word' id='word_1_245' title='bbox 616 3979 653 4021; x_wconf 87' lang='lat' dir='ltr'><strong>ex</strong></span> <span class='ocrx_word' id='word_1_246' title='bbox 678 3979 777 4041; x_wconf 76' lang='lat' dir='ltr'><strong>pago:</strong></span> <span class='ocrx_word' id='word_1_247' title='bbox 803 3979 839 4022; x_wconf 92' lang='lat' dir='ltr'><strong>ea</strong></span> <span class='ocrx_word' id='word_1_248' title='bbox 861 3963 931 4022; x_wconf 90' lang='lat' dir='ltr'><strong>erat</strong></span> <span class='ocrx_word' id='word_1_249' title='bbox 953 3957 1072 4022; x_wconf 88' lang='lat' dir='ltr'><strong>astutia</strong></span> <span class='ocrx_word' id='word_1_250' title='bbox 1094 3956 1297 4020; x_wconf 90' lang='lat' dir='ltr'><strong>rusticorum.</strong></span> <span class='ocrx_word' id='word_1_251' title='bbox 1351 3953 1409 4018; x_wconf 84' lang='lat' dir='ltr'><strong>lam</strong></span> <span class='ocrx_word' id='word_1_252' title='bbox 1479 4021 1480 4026; x_wconf 8' lang='grc' dir='ltr'>γ</span> 
     </span>
    </p>
   </div>
   <div class='ocr_carea' id='block_1_11' title="bbox 228 4060 1409 4568">
    <p class='ocr_par' dir='ltr' id='par_1_15' title="bbox 228 4060 1409 4568">
     <span class='ocr_line' id='line_1_32' title="bbox 268 4060 1407 4147; baseline -0.004 -20"><span class='ocrx_word' id='word_1_253' title='bbox 268 4063 391 4127; x_wconf 87' lang='lat' dir='ltr'><strong>audivit</strong></span> <span class='ocrx_word' id='word_1_254' title='bbox 407 4063 678 4126; x_wconf 88' lang='lat' dir='ltr'><strong>Monocerebellus</strong></span> <span class='ocrx_word' id='word_1_255' title='bbox 693 4063 768 4140; x_wconf 92' lang='lat' dir='ltr'><strong>dici,</strong></span> <span class='ocrx_word' id='word_1_256' title='bbox 792 4063 887 4146; x_wconf 89' lang='lat' dir='ltr'><strong>quod,</strong></span> <span class='ocrx_word' id='word_1_257' title='bbox 912 4063 1061 4147; x_wconf 91' lang='lat' dir='ltr'><strong>quicquid</strong></span> <span class='ocrx_word' id='word_1_258' title='bbox 1080 4061 1223 4126; x_wconf 89' lang='lat' dir='ltr'><strong>delertur</strong></span> <span class='ocrx_word' id='word_1_259' title='bbox 1240 4060 1407 4144; x_wconf 78' lang='lat' dir='ltr'><strong>Angustam</strong></span> 
     </span>
     <span class='ocr_line' id='line_1_33' title="bbox 228 4163 1407 4250; baseline 0.001 -24"><span class='ocrx_word' id='word_1_260' title='bbox 228 4185 253 4226; x_wconf 82' lang='lat' dir='ltr'><strong>as</strong></span> <span class='ocrx_word' id='word_1_261' title='bbox 269 4167 516 4244; x_wconf 83' lang='lat' dir='ltr'><strong>vindelicorum,</strong></span> <span class='ocrx_word' id='word_1_262' title='bbox 539 4171 752 4232; x_wconf 82' lang='lat' dir='ltr'><strong>commutatur</strong></span> <span class='ocrx_word' id='word_1_263' title='bbox 776 4168 808 4228; x_wconf 91' lang='lat' dir='ltr'><strong>in</strong></span> <span class='ocrx_word' id='word_1_264' title='bbox 831 4166 1008 4248; x_wconf 88' lang='lat' dir='ltr'><strong>pecuniam.</strong></span> <span class='ocrx_word' id='word_1_265' title='bbox 1053 4163 1148 4250; x_wconf 79' lang='lat' dir='ltr'><strong>Capit</strong></span> <span class='ocrx_word' id='word_1_266' title='bbox 1171 4187 1247 4250; x_wconf 91' lang='lat' dir='ltr'><strong>ergo</strong></span> <span class='ocrx_word' id='word_1_267' title='bbox 1270 4166 1407 4250; x_wconf 79' lang='lat' dir='ltr'><strong>argillam</strong></span> 
     </span>
     <span class='ocr_line' id='line_1_34' title="bbox 267 4269 1408 4349; baseline -0.003 -13"><span class='ocrx_word' id='word_1_268' title='bbox 267 4273 357 4337; x_wconf 78' lang='lat' dir='ltr'><strong>illanc</strong></span> <span class='ocrx_word' id='word_1_269' title='bbox 382 4274 510 4338; x_wconf 84' lang='lat' dir='ltr'><strong>rubeam</strong></span> <span class='ocrx_word' id='word_1_270' title='bbox 528 4272 625 4349; x_wconf 87' lang='lat' dir='ltr'><strong>furui,</strong></span> <span class='ocrx_word' id='word_1_271' title='bbox 650 4273 819 4337; x_wconf 92' lang='lat' dir='ltr'><strong>contundit</strong></span> <span class='ocrx_word' id='word_1_272' title='bbox 837 4271 926 4336; x_wconf 87' lang='lat' dir='ltr'><strong>illam</strong></span> <span class='ocrx_word' id='word_1_273' title='bbox 943 4269 1150 4336; x_wconf 86' lang='lat' dir='ltr'><strong>subtilissime</strong></span> <span class='ocrx_word' id='word_1_274' title='bbox 1173 4293 1211 4335; x_wconf 90' lang='lat' dir='ltr'><strong>ac</strong></span> <span class='ocrx_word' id='word_1_275' title='bbox 1226 4271 1408 4341; x_wconf 85' lang='lat' dir='ltr'><strong>tenuissime,</strong></span> 
     </span>
     <span class='ocr_line' id='line_1_35' title="bbox 267 4375 1409 4464; baseline -0.005 -20"><span class='ocrx_word' id='word_1_276' title='bbox 267 4380 350 4444; x_wconf 91' lang='lat' dir='ltr'><strong>indit</strong></span> <span class='ocrx_word' id='word_1_277' title='bbox 374 4379 489 4464; x_wconf 85' lang='lat' dir='ltr'><strong>bulgae</strong></span> <span class='ocrx_word' id='word_1_278' title='bbox 519 4383 551 4442; x_wconf 89' lang='lat' dir='ltr'><strong>et</strong></span> <span class='ocrx_word' id='word_1_279' title='bbox 573 4377 698 4442; x_wconf 83' lang='lat' dir='ltr'><strong>confert</strong></span> <span class='ocrx_word' id='word_1_280' title='bbox 728 4399 761 4442; x_wconf 90' lang='lat' dir='ltr'><strong>se</strong></span> <span class='ocrx_word' id='word_1_281' title='bbox 792 4377 982 4461; x_wconf 80' lang='lat' dir='ltr'><strong>Augustam.</strong></span> <span class='ocrx_word' id='word_1_282' title='bbox 1034 4375 1226 4460; x_wconf 84' lang='lat' dir='ltr'><strong>Hospitatur</strong></span> <span class='ocrx_word' id='word_1_283' title='bbox 1257 4377 1339 4462; x_wconf 85' lang='lat' dir='ltr'><strong>apud</strong></span> <span class='ocrx_word' id='word_1_284' title='bbox 1370 4375 1409 4439; x_wconf 85' lang='lat' dir='ltr'><strong>vi·</strong></span> 
     </span>
     <span class='ocr_line' id='line_1_36' title="bbox 267 4481 1406 4568; baseline -0.004 -22"><span class='ocrx_word' id='word_1_285' title='bbox 267 4483 371 4561; x_wconf 89' lang='lat' dir='ltr'><strong>duam,</strong></span> <span class='ocrx_word' id='word_1_286' title='bbox 392 4483 441 4546; x_wconf 90' lang='lat' dir='ltr'><strong>cui</strong></span> <span class='ocrx_word' id='word_1_287' title='bbox 459 4486 528 4545; x_wconf 83' lang='lat' dir='ltr'><strong>erat</strong></span> <span class='ocrx_word' id='word_1_288' title='bbox 544 4483 637 4547; x_wconf 87' lang='lat' dir='ltr'><strong>unica</strong></span> <span class='ocrx_word' id='word_1_289' title='bbox 656 4483 731 4550; x_wconf 89' lang='lat' dir='ltr'><strong>filia.</strong></span> <span class='ocrx_word' id='word_1_290' title='bbox 772 4481 884 4547; x_wconf 82' lang='lat' dir='ltr'><strong>Tradit</strong></span> <span class='ocrx_word' id='word_1_291' title='bbox 901 4482 976 4547; x_wconf 90' lang='lat' dir='ltr'><strong>huic</strong></span> <span class='ocrx_word' id='word_1_292' title='bbox 992 4482 1202 4568; x_wconf 88' lang='lat' dir='ltr'><strong>hippoperam</strong></span> <span class='ocrx_word' id='word_1_293' title='bbox 1218 4505 1272 4548; x_wconf 89' lang='lat' dir='ltr'><strong>seu</strong></span> <span class='ocrx_word' id='word_1_294' title='bbox 1290 4482 1406 4566; x_wconf 78' lang='lat' dir='ltr'><strong>bulgum</strong></span> 
     </span>
    </p>
   </div>
   <div class='ocr_carea' id='block_1_12' title="bbox 0 0 1506 5062">
    <p class='ocr_par' dir='ltr' id='par_1_16' title="bbox 0 0 1506 5062">
     <span class='ocr_line' id='line_1_37' title="bbox 0 0 1506 5062; baseline 0 3"><span class='ocrx_word' id='word_1_295' title='bbox 0 0 1506 5062; x_wconf 95' lang='lat' dir='ltr'><strong> </strong></span> 
     </span>
    </p>
   </div>
  </div>
 </body>
</html>
