2990 5068
618 427 680 492 115

77 622 216 687 gegen
251 601 317 667 die
351 602 546 667 litterae
578 601 812 680 seculares,
842 600 972 666 denen
1005 623 1048 664 er
1077 599 1230 665 selbst

436 709 552 773 eiust
582 709 759 792 ergeben
782 727 873 772 war.

164 844 335 912 Carissimo
357 852 389 912 et
412 847 505 912 docto
520 845 615 911 fratri
631 847 664 908 iu
680 846 748 911 ocio
764 845 950 911 deliciarum
967 845 1117 910 residenti
1130 841 1229 909 Hein-

82 953 164 1016 ricus
188 949 255 1016 Lar
278 953 357 1017 bene
380 951 461 1016 mori
486 973 557 1017 cum
584 949 713 1014 Balaam
730 950 913 1016 desiderans
928 948 1065 1014 salutern
1080 949 1186 1014 anime
1201 954 1233 1014 et

79 1057 219 1142 corporis
242 1059 424 1123 sanitatem.
470 1055 658 1140 Philosophi
681 1056 779 1121 seculi
802 1054 907 1120 solent
929 1076 1069 1121 amorem
1093 1060 1232 1120 veterem

83 1183 189 1227 amore
212 1183 295 1227 noro
320 1166 412 1249 qnasi
430 1164 555 1230 clavum
578 1163 668 1228 clavo
684 1162 852 1248 expellere,
877 1164 960 1248 quod
977 1167 1010 1226 et
1025 1161 1146 1227 Asuero
1161 1183 1233 1246 sep·

81 1271 141 1330 tem
158 1269 323 1352 principes
346 1268 516 1335 Persarum
528 1270 641 1348 fecere,
665 1275 702 1334 ut
717 1267 805 1335 Fasti
822 1269 932 1354 regine
947 1267 1139 1332 desiderium
1154 1267 1232 1332 alia·

81 1395 147 1436 rum
171 1395 283 1439 amore
312 1381 558 1460 compescerent.
607 1374 660 1439 Illi
677 1374 792 1440 vicium
807 1375 900 1452 vicio,
925 1375 1088 1458 peccatum
1105 1377 1234 1456 peccato

82 1479 307 1544 remediantur.
358 1479 427 1546 Nos
451 1488 568 1561 autem,
592 1481 647 1565 qui
665 1480 817 1545 hactenus
833 1479 1008 1544 amavimus
1027 1478 1122 1543 huius
1138 1476 1235 1543 seculi

83 1583 241 1648 vanitates
272 1590 305 1648 et
328 1585 427 1651 nimia
457 1585 627 1652 dilectione
650 1584 817 1650 dileximus
847 1584 1045 1662 transitoria,
1076 1583 1179 1648 ocium
1204 1588 1236 1648 et

85 1710 133 1752 res
156 1691 360 1775 temporales,
384 1714 490 1757 amore
513 1692 690 1758 divinarum
713 1713 817 1755 rerum
842 1689 923 1755 vicia
944 1709 1143 1773 superemus,
1166 1689 1236 1754 ocia

81 1813 266 1876 spernemus
295 1800 326 1860 et
350 1797 598 1864 fornicacionem
621 1796 776 1882 lugemus.
811 1795 1047 1860 Decliuemusa
1070 1795 1165 1875 malo,
1187 1795 1235 1859 fa-

85 1899 202 1964 ciemus
228 1900 321 1980 bona,
346 1923 514 1987 queramus
537 1924 645 1986 pacem
669 1904 701 1965 et
725 1901 812 1966 illam
837 1921 1077 1984 prosequamur.

168 2003 264 2085 Sane,
286 2007 331 2069 mi
353 2006 465 2082 frater,
489 2006 708 2090 descripturus
741 2027 867 2071 cursum
890 2007 956 2071 vite
981 2027 1049 2070 mee
1072 2006 1235 2070 ostendam

82 2110 140 2173 tibi
164 2111 286 2175 domini
310 2112 410 2191 riam,
445 2134 502 2196 per
525 2135 618 2197 quam
652 2116 779 2197 oportet
809 2113 855 2176 ire
889 2132 996 2176 versus
1028 2115 1155 2194 portum
1179 2131 1235 2194 pa-

84 2215 143 2278 trie
166 2215 383 2300 concupitum.
430 2216 468 2282 In
492 2217 605 2299 primis
628 2219 805 2283 iuventutis
828 2223 861 2283 et
891 2216 1103 2282 adolescencie
1125 2215 1236 2281 florem

85 2319 115 2383 in
139 2320 340 2385 vanitatibus
362 2321 459 2386 seculi
492 2324 648 2407 expendi,
685 2324 717 2387 iu
741 2323 1005 2388 universitatibus
1028 2322 1104 2386 tersi
1128 2321 1238 2385 dentes

84 2425 171 2488 ranis
194 2425 316 2491 fabulis
339 2448 411 2491 cum
436 2428 528 2492 heato
543 2426 718 2508 serenico,
742 2427 861 2493 librum
884 2425 1047 2492 Ciceronis
1069 2425 1152 2512 legi,
1177 2425 1237 2509 fig-

85 2532 199 2594 mentis
217 2551 415 2614 paganorum
439 2533 611 2617 diligenter
626 2533 745 2614 adhesi,
775 2533 995 2619 magisterium
1008 2536 1041 2597 et
1055 2531 1239 2596 cathedram

85 2656 178 2720 super
201 2635 283 2700 alios
306 2638 456 2720 usurpari
472 2638 494 2716 ¹,
517 2644 554 2704 ut
572 2639 669 2704 certis
691 2639 941 2724 sophismatibus
967 2643 999 2703 et
1021 2634 1238 2702 insolubilium

654 2742 672 2783 e

84 2825 154 2894 aar
171 2826 253 2882 nicht
271 2827 350 2882 mehr
368 2827 524 2884 bekannter
542 2828 628 2885 codex
646 2847 696 2884 aus
715 2829 811 2886 Ulrioh
832 2829 889 2884 und
908 2829 978 2884 Afra
996 2828 1082 2899 (wohl
1101 2844 1152 2882 aue
1171 2827 1240 2881 Lura

87 2911 213 2983 sigenam
230 2912 338 2983 busita),
358 2915 531 2970 remeichnct
549 2915 595 2971 bei
615 2916 657 2971 Pl.
670 2915 771 2980 Brenn,
790 2915 901 2971 Notitia
912 2917 947 2972 de
966 2915 1044 2973 codd.
1057 2932 1120 2971 mss.
1134 2915 1181 2981 VI,
1195 2916 1238 2972 92.

88 2989 158 3058 liber
171 3003 230 3056 hur
242 3000 301 3071 vgt
314 3001 360 3057 die
371 3002 501 3073 fulgenda
514 3005 591 3069 note;
610 3004 703 3060 useel
716 3001 754 3058 ist
772 3002 874 3060 bersits
887 3003 958 3060 oben
977 3022 1018 3058 nr.
1035 3005 1068 3060 16
1078 3021 1105 3060 u.
1115 3003 1239 3058 ttunter

87 3089 137 3144 dan
149 3089 290 3146 l'rennden
296 3089 426 3148 Schadels
434 3096 570 3162 genennt,
592 3094 659 3150 1166
669 3091 807 3148 crscheiut
820 3107 850 3147 er
862 3091 905 3147 als
916 3095 1081 3165 procurator
1093 3091 1142 3146 der
1161 3090 1241 3146 dent-

87 3177 169 3234 schen
189 3175 289 3234 nation
312 3177 340 3234 in
359 3177 494 3250 Bologna,
518 3181 584 3237 1137
604 3180 661 3234 und
682 3178 751 3235 1138
780 3180 823 3236 alc
841 3179 970 3251 publicus
989 3179 1114 3236 nomriua
1132 3177 1240 3235 ebenda

87 3282 107 3318 r.
131 3265 316 3323 Friedltnder
344 3265 401 3321 und
420 3265 574 3334 Malagola,
608 3269 679 3322 Acta
697 3266 821 3324 nationis
840 3267 1023 3324 Germanicae
1048 3265 1241 3322 universitatis

90 3350 269 3410 Bononiensis
292 3354 347 3410 182.
370 3353 428 3410 181.
467 3353 512 3409 dn
532 3357 650 3410 cratera
669 3354 752 3410 atelle
770 3354 841 3410 noch
858 3353 1005 3425 folgendsr
1022 3353 1148 3422 eintrag:
1171 3349 1242 3407 ›Do-

92 3439 183 3496 minus
202 3440 363 3498 Leonardus
377 3439 474 3498 Gamel
493 3441 700 3500 deFranconia
718 3442 866 3500 emuniens
885 3439 997 3498 ecclesie
1008 3441 1104 3496 Sancti
1114 3439 1242 3495 Mauricii

93 3529 282 3600 augustensis,
302 3532 393 3586 rector
413 3529 598 3601 parrochialis
618 3531 731 3586 ecclesie
743 3528 773 3585 in
785 3529 1012 3594 Remeterbusen,
1030 3545 1137 3586 necnon
1149 3531 1179 3584 et
1197 3545 1242 3584 cc·

90 3615 426 3672 concusseritis
449 3617 646 3674 Ylenmdnster
667 3616 814 3673 Frieiensir
842 3617 958 3674 diocesis
976 3616 1023 3688 [al.
1041 3635 1130 3674 man:
1159 3616 1243 3673 hodie

92 3705 208 3760 ciccum
232 3704 371 3775 generalis
396 3704 503 3761 domini
528 3705 681 3760 cardinalis
708 3708 737 3760 et
765 3703 888 3776 episcopi
906 3705 1090 3776 Augustensis
1110 3703 1241 3774 dyocesis]

91 3789 166 3848 dedit
185 3811 201 3847 r
218 3792 323 3849 solidos
343 3792 578 3851 Bononinorum.·
616 3794 678 3849 lhm
695 3793 826 3848 widmete
844 3792 1000 3848 Blumenau
1021 3794 1087 3847 1157
1105 3792 1180 3848 aeine
1195 3790 1242 3846 Hi·

93 3880 176 3936 cloria
194 3879 230 3934 de
248 3879 347 3936 ordine
365 3880 603 3936 theutonicorum
621 3881 817 3938 cruciferorum
837 3881 892 3948 [SS.
911 3898 964 3938 rer.
985 3879 1175 3935 Prussicarum
1195 3877 1241 3941 11,

91 3967 215 4039 35-67].
253 3968 307 4023 uin
324 3968 576 4038 rechtsgutcchten
602 3985 656 4024 von
673 3968 734 4024 ihm
759 3969 887 4024 eruthnt
905 3967 1064 4023 Herrmann
1083 3967 1111 4021 in
1130 3967 1158 4021 d.
1176 3967 1243 4023 Ger·

95 4055 189 4111 mania
207 4055 320 4121 XXXV,
338 4056 381 4122 18,
400 4054 446 4112 sin
464 4056 582 4112 anderes
609 4056 639 4110 in
657 4055 715 4112 cod.
734 4057 826 4112 6612υ
849 4056 899 4111 der
917 4055 1070 4111 Mtnchner
1092 4051 1244 4110 unia-bib·

96 4141 200 4198 licthelr
209 4144 230 4198 1.
242 4142 301 4208 loc,
322 4144 482 4214 1311118.
511 4141 580 4198 ltine
600 4142 786 4198 intermeante
805 4142 965 4213 geschichte
985 4143 1052 4196 uber
1069 4141 1118 4195 ihn
1133 4139 1244 4195 811111-

96 4225 252 4288 Chronilren
271 4229 304 4296 1,
323 4231 382 4296 268,
402 4230 494 4295 1111,
514 4232 563 4286 181
574 4252 581 4296 ;
600 4229 708 4284 Franks
729 4232 859 4285 Annaleu
878 4229 908 4284 in
923 4227 1080 4301 ¹illesichelcs
1099 4229 1244 4292 archivii,

96 4319 150 4376 lla
185 4319 241 4374 Das
260 4319 337 4374 beate
357 4319 446 4389 geben
465 4318 511 4374 die
528 4318 756 4388 nachfolgenden
774 4317 869 4374 briele.

162 4410 175 4462 l
196 4404 368 4476 lnhcipsig;
389 4424 410 4461 s.
423 4405 452 4464 1.
466 4406 597 4472 Zarnclre,
617 4406 667 4463 uic
687 4405 892 4462 urhundlichen
911 4405 1029 4471 erallen
1044 4423 1067 4460 a.
1080 4404 1178 4463 Gccch.
1196 4405 1245 4460 der

99 4493 174 4551 Unir.
196 4495 309 4564 Leipzig
327 4494 565 4565 [Abhandlungcn
594 4495 621 4549 d.
640 4495 727 4550 sacha.
748 4494 933 4550 Gesellschalt
951 4494 978 4547 d.
997 4492 1244 4548 wissenschaften.

993 4581 1035 4636 8*
