3002 5062
272 420 335 484 354
578 417 700 486 Anhang
719 413 897 472 varwandter
915 416 1115 487 eratblungen.

271 602 343 679 post
368 595 588 661 circulatorem
616 601 774 681 rogantes,
801 595 878 659 velit
904 596 1044 678 recipere
1070 602 1191 670 catum;
1224 596 1261 659 de
1287 596 1422 678 pecunia

270 723 303 764 se
327 723 389 765 non
415 721 481 764 esse
503 700 667 766 sollicitos.
716 701 800 764 liunt
824 723 880 764 uec
904 701 1071 784 reperiunt
1093 699 1265 764 hominem.

359 805 472 870 Maiori
497 829 573 890 ergo
588 806 727 870 involuti
743 813 818 870 sunt
834 806 1048 890 perplexitate
1071 806 1232 869 dieentes:
1255 803 1346 869 ‘Cum
1364 827 1423 869 non

272 912 427 994 repererit
448 917 537 976 catus
554 912 625 994 plus
641 913 790 990 murium,
813 913 977 976 devorabit
1005 913 1138 995 pecudes
1155 917 1290 988 nostras,
1315 912 1424 975 deinde

245 1039 384 1084 sorores
415 1040 486 1082 curn
521 1017 664 1100 prolibus
696 1039 731 1081 ac
764 1018 892 1082 tandem
927 1039 984 1081 nos
1008 1016 1123 1081 etiam'.
1169 1016 1271 1082 Senex
1294 1017 1422 1102 qnidam

270 1125 333 1188 ait:
357 1120 413 1186 ‘Ut
436 1144 492 1187 nos
516 1123 690 1188 liberemur
712 1124 753 1186 ab
776 1144 822 1202 eo,
846 1129 990 1207 praestat
1013 1123 1118 1188 facere
1141 1123 1343 1206 dispendium
1367 1123 1422 1186 ali·

271 1230 354 1312 quod
378 1229 481 1293 adhuc
504 1235 643 1293 ementes
665 1230 795 1293 domum
819 1229 916 1293 vicini
940 1230 1051 1307 nostri,
1081 1229 1115 1292 in
1139 1251 1202 1312 qna
1226 1227 1423 1292 includemus

271 1340 387 1415 catum,
411 1339 508 1418 atque
524 1339 696 1417 utrumque
712 1334 858 1397 incendio
873 1335 1069 1411 absumatur,
1086 1333 1196 1418 sicque
1212 1334 1316 1396 libera
1332 1341 1422 1397 erunt

273 1463 385 1524 pecora
408 1445 535 1518 nostra,
565 1461 681 1504 uxores
712 1459 782 1502 cum
817 1439 960 1522 prolibus
991 1459 1027 1502 ac
1060 1439 1200 1521 nosipsi
1225 1437 1343 1503 etiam'.
1390 1437 1423 1500 ln

233 1569 257 1604 rc
272 1546 366 1610 huius
392 1546 583 1610 sententiam
619 1545 698 1608 itum
732 1550 780 1607 est
812 1545 944 1626 pedibus
974 1546 1014 1608 ab
1050 1545 1213 1620 omnibus;
1249 1550 1361 1608 emunt
1391 1567 1425 1608 sc

271 1651 399 1715 solvunt
422 1651 560 1728 domum,
584 1649 767 1712 incendunt.
813 1645 851 1711 In
876 1648 946 1731 ipsa
968 1650 1032 1712 iam
1055 1649 1325 1734 conflagratione,
1355 1672 1424 1713 curn

271 1756 393 1820 videret
416 1754 489 1820 felis
506 1755 613 1840 ignem
629 1754 750 1816 irruere
773 1753 806 1816 in
831 1753 1076 1838 hypocaustum,
1100 1755 1208 1818 exsilit
1224 1777 1262 1818 ex
1285 1755 1425 1819 fenestra

271 1862 304 1923 in
329 1861 465 1925 medium
491 1861 691 1924 rusticorum.
737 1856 790 1921 llli
815 1859 877 1923 rati
910 1865 1017 1923 catum
1049 1879 1101 1924 eos
1131 1857 1214 1923 velle
1248 1860 1425 1944 discerpere

271 1987 307 2030 ac
330 1967 481 2031 devorare
512 1965 685 2030 clamantes
721 1964 937 2042 retrocedere,
970 1965 1130 2049 lapidibus
1163 1987 1233 2030 enm
1268 1967 1425 2039 invadere,

232 2095 256 2132 n
271 2078 336 2135 tam
359 2071 424 2136 late
447 2095 465 2136 a
487 2071 580 2135 domo
595 2071 748 2148 recedere,
774 2075 811 2133 ut
826 2071 1006 2136 incendium
1022 2093 1074 2134 eas
1090 2071 1172 2134 vires
1195 2071 1327 2154 ceperit,
1352 2073 1423 2156 qui-

272 2178 329 2241 bus
353 2182 456 2241 totum
479 2198 598 2260 pagum
621 2174 840 2258 conflagravit.

359 2283 466 2367 Atque
492 2283 551 2347 hoc
573 2289 621 2346 est
642 2280 860 2364 simplicitatis
882 2282 1070 2365 praemium,
1094 2288 1131 2346 ut
1155 2282 1300 2347 volentes
1325 2281 1424 2346 vitare

271 2388 376 2451 minus
398 2389 547 2452 damnum
572 2387 714 2451 incidant
737 2386 770 2449 in
794 2387 905 2451 mains.

734 2631 955 2708 Hmma

232 2815 257 2850 20
273 2777 494 2852 Naviculam
533 2778 643 2870 aptat
680 2775 831 2869 quidam
869 2777 1008 2849 timens
1045 2777 1228 2850 diluvium
1265 2777 1423 2848 extremi

777 2898 914 2971 iudicii.

272 3085 306 3154 (J.
321 3082 528 3146 Hulsbusch,
541 3082 628 3150 Sylva
638 3098 798 3137 sermonum
807 3081 1080 3138 iucundissimorum.
1097 3082 1224 3138 Basileac
1238 3083 1314 3148 1568,
1323 3100 1345 3137 e.
1355 3084 1422 3150 190).

362 3233 436 3298 Fuit
460 3233 618 3318 quondam
643 3238 801 3296 mercator
832 3233 934 3312 dives,
968 3233 1023 3317 qui
1056 3233 1087 3296 in
1112 3234 1263 3297 concione
1293 3233 1421 3302 audivit,

272 3344 348 3428 qnid
371 3341 514 3405 futurum
547 3339 631 3404 foret
655 3345 798 3422 tempore
832 3339 965 3403 extremi
1001 3338 1127 3417 iudicii,
1159 3339 1310 3402 nimirum
1341 3337 1420 3422 quod

232 3449 362 3533 aepluet
384 3448 508 3530 ignem,
539 3445 594 3529 qni
617 3450 864 3527 consumpturus
888 3448 945 3522 eat,
971 3444 1122 3528 quicquid
1146 3444 1209 3508 erit
1240 3445 1273 3507 in
1296 3445 1421 3513 mundo,

271 3561 303 3620 et
327 3555 411 3639 quod
433 3553 519 3637 ignis
542 3573 605 3616 non
628 3556 811 3628 consumet,
842 3549 1029 3614 absorbebit
1050 3571 1143 3634 aque.
1189 3549 1320 3633 Cogitet
1342 3569 1419 3612 mer·

270 3665 368 3737 cator,
385 3679 448 3742 quo
465 3661 558 3739 pacto
571 3661 677 3740 posset
693 3658 822 3720 evadere
835 3655 990 3718 diluvium
1007 3655 1083 3731 hoc:
1101 3654 1227 3719 confert
1238 3675 1272 3718 se
1286 3655 1419 3730 domum,

270 3770 361 3828 curat
384 3761 488 3846 aptari
513 3761 574 3824 sibi
598 3761 786 3838 naviculam,
810 3759 938 3824 laminis
969 3759 1081 3824 ferreis
1104 3760 1268 3844 compingi
1292 3765 1325 3822 et
1354 3760 1419 3842 pice

271 3868 420 3932 colliniri.
468 3865 624 3930 Absoluto
649 3886 744 3948 opere
774 3873 865 3929 curat
893 3865 998 3949 aptari
1029 3887 1180 3948 magnum
1204 3863 1331 3942 funem,
1363 3865 1418 3926 im·

233 3995 258 4032 ao
273 3975 347 4057 poni
371 3974 404 4035 in
428 3973 533 4035 navim
558 3994 651 4036 onme
675 3993 775 4054 genus
799 3975 993 4036 commentus
1024 3992 1095 4035 cum
1119 3969 1193 4033 vino
1217 3973 1250 4032 et
1272 3971 1418 4034 cerevisia

272 4087 368 4162 atque
391 4079 463 4142 aliis
487 4079 570 4142 vitae
587 4078 771 4140 necessariis
787 4077 898 4141 iubens
915 4077 1018 4139 navim
1037 4075 1186 4158 suspendi
1203 4073 1289 4140 fune.
1322 4073 1418 4138 Nocte

270 4184 393 4249 scandit
416 4205 550 4248 asserem
576 4188 606 4246 et
630 4183 731 4246 intrat
753 4183 786 4246 in
811 4183 915 4246 navim
946 4188 1136 4264 pernoctare
1159 4181 1190 4244 in
1216 4182 1334 4246 eadem.

358 4287 483 4352 Habuit
506 4293 611 4352 autem
636 4288 688 4351 hic
704 4293 861 4352 mercator
878 4287 1147 4372 elegantissimam
1163 4307 1304 4364 uxorem,
1328 4307 1415 4369 quam

271 4394 398 4457 dolebat
421 4395 522 4457 virum
546 4395 593 4457 ita
624 4397 811 4477 pernoctare
839 4394 871 4456 in
904 4394 975 4456 nari
1009 4399 1041 4456 et
1072 4413 1104 4456 se
1128 4392 1267 4477 relinqui
1297 4392 1416 4455 viduam

231 4519 256 4560 π
272 4501 397 4564 vivente
421 4501 498 4562 viro.
553 4498 657 4574 Quare
687 4497 871 4563 conciliavit
902 4499 1074 4562 amicitiam
1108 4497 1231 4562 iuvenis
1261 4497 1414 4561 cuiusdam
