3002 5070
630 405 672 472 33

617 684 675 756 14.

71 807 258 882 Hermann
291 806 445 880 Schedel
481 830 530 880 an
562 807 738 880 Wilhelm
770 831 805 880 v.
836 807 1062 884 Reichenau.
1104 808 1223 902 Auga-

500 931 596 1026 burg
631 930 763 1027 [1458]
779 927 803 1004 ¹.

378 1083 441 1140 clm.
460 1084 514 1139 224
531 1083 552 1140 f.
570 1083 604 1138 38
623 1081 743 1154 einlagc.
780 1081 910 1152 concept.

73 1208 475 1294 llmpfchlnngdes
500 1207 662 1274 Ulrich
690 1207 1000 1276 Gossembrot.
1047 1209 1224 1275 Liebes-

102 1318 361 1380 abentener.
407 1313 523 1380 Dank
550 1315 619 1379 fiir
641 1314 758 1380 einen
780 1313 937 1379 Terens
960 1315 1039 1379 und
1063 1315 1182 1381 bitte.

159 1453 362 1519 Hermannus
385 1451 519 1518 Schedel
551 1451 693 1537 phisicus
717 1453 928 1538 Augustensis
958 1454 1133 1520 venerabili
1156 1457 1225 1521 viro

73 1559 201 1625 domino
217 1557 393 1623 Wilbelmo
416 1560 454 1624 de
470 1557 679 1643 Reich[enau]
703 1558 854 1623 canonico
877 1557 1074 1644 Eystettensi
1089 1561 1226 1627 salutem

73 1662 243 1746 plurimam
261 1664 347 1729 dicit.
394 1661 468 1729 Non
480 1661 617 1727 multum
634 1663 788 1746 profecto,
811 1667 848 1727 ut
864 1668 989 1748 tempus
1005 1664 1038 1729 in
1061 1666 1226 1732 scribendo

72 1775 183 1849 teram
207 1773 377 1854 preceptor
398 1775 430 1834 ct
446 1767 550 1834 frater
564 1769 697 1853 optime,
721 1768 869 1852 expedire
887 1767 1037 1849 arbitror,
1061 1772 1224 1837 considero

72 1876 169 1956 enim,
192 1898 288 1960 quam
310 1875 417 1941 labilis
449 1880 498 1940 est
521 1897 581 1940 res.
627 1871 768 1938 Verbum
803 1873 932 1938 missum
955 1877 1102 1959 pervolat
1124 1899 1224 1959 aures,

74 2003 135 2046 non
161 1981 319 2060 consistit,
342 2003 405 2046 non
422 1981 495 2067 figit
512 1979 610 2045 alcius
633 1979 752 2044 radices
785 2000 867 2058 suas,
892 1980 1001 2066 quales
1016 2003 1101 2047 meas
1115 1983 1226 2048 literas

72 2087 170 2152 fnisse
192 2087 316 2167 indico,
340 2109 419 2172 quas
442 2085 568 2172 quidem
591 2107 671 2150 unas
698 2086 870 2150 etiterum
900 2085 978 2150 alias
1010 2086 1226 2170 superioribus

77 2193 188 2258 diebus
222 2193 261 2259 ad
293 2203 326 2260 te
358 2193 449 2270 dedi,
483 2213 544 2278 que
576 2213 633 2258 cur
664 2190 777 2256 saltem
800 2191 1036 2275 responsionem
1059 2199 1226 2258 consecute

76 2320 137 2364 non
165 2299 244 2378 sint,
273 2299 373 2364 miror
404 2297 686 2383 quamplurimum.
737 2294 833 2361 Forte
860 2301 916 2361 aut
945 2295 1020 2361 stilo
1043 2297 1148 2362 ieiune
1170 2305 1226 2363 ant

74 2405 152 2468 alias
185 2405 311 2470 steriles
348 2404 488 2472 fructum
526 2429 620 2472 suum
654 2405 740 2471 ferre
777 2405 949 2490 nequivere
984 2409 1040 2471 aut
1074 2412 1111 2470 ut
1145 2407 1227 2472 rela-

76 2511 164 2575 cione
202 2511 457 2596 fidedignorum,
492 2512 660 2598 presertim
695 2510 807 2577 fratris
833 2510 1028 2595 Sigismundi
1060 2507 1143 2578 atel
1176 2533 1227 2577 ac·

75 2616 157 2700 cepi,
190 2616 238 2680 ita
271 2623 302 2680 te
339 2615 443 2682 literis
474 2617 686 2702 perdiscendis
709 2617 870 2696 deditum,
893 2638 929 2683 ac
949 2617 1104 2702 'quicquid
1126 2621 1160 2682 in
1184 2620 1229 2684 eis

79 2720 184 2805 stedij,
207 2719 343 2802 laboris,
366 2722 487 2808 ingenij
505 2724 605 2788 inesse
627 2721 758 2807 poterit,
789 2722 834 2785 sic
857 2743 986 2804 opernm
1010 2727 1041 2786 te
1067 2723 1228 2802 adhibere,

80 2831 197 2891 utnon
222 2825 322 2892 libido
351 2827 389 2892 sd
421 2828 617 2911 voluptates,
644 2849 701 2894 nec
724 2828 878 2892 amenitas
911 2827 949 2891 ad
973 2825 1227 2908 delectacionem,

84 2954 138 2998 nec
160 2933 296 3018 denique
318 2932 411 2999 labor
434 2935 471 2999 ad
500 2934 639 3018 quietem
656 2935 696 2999 ab
712 2933 861 2998 instituto
884 2952 977 2997 cursu
994 2953 1029 2997 ac
1045 2955 1140 3016 opere
1162 2938 1228 2998 tam

86 3038 210 3124 egregio
233 3043 266 3102 te
288 3059 420 3104 avocare
442 3040 553 3124 possit,
577 3040 660 3124 qnod
685 3044 717 3104 et
745 3038 839 3104 laudo
853 3088 1026 3104 .........

165 3143 287 3209 Deinde
310 3151 348 3209 ut
369 3145 528 3229 presentis
551 3149 754 3224 ostensorem,
779 3144 807 3209 d.
824 3141 967 3208 Utricum
984 3141 1227 3229 Goss[ernbrot],

84 3249 140 3312 tibi
161 3249 416 3314 commendatum
450 3248 578 3328 habeas,
607 3249 722 3314 obnixe
745 3270 823 3334 rogo
855 3251 887 3312 et
915 3249 948 3312 in
979 3248 1229 3335 quibuscumque

88 3355 263 3420 necessariis
285 3355 470 3438 postularit,
495 3356 599 3439 ipsum
615 3354 723 3420 foveas
746 3360 843 3439 atque
865 3359 1031 3433 sustentes,
1056 3377 1119 3419 non
1144 3356 1227 3440 quod

84 3458 185 3545 aliqua
200 3483 234 3526 re
249 3459 378 3525 Christo
394 3460 554 3526 tribuente
579 3459 731 3546 indigeat,
747 3460 800 3525 sed
816 3461 892 3544 quia
906 3459 1059 3543 amicicijs
1075 3461 1229 3527 bonorum

88 3566 231 3650 coniungi
247 3562 300 3652 [si]
321 3564 436 3644 valeat,
461 3567 632 3631 maximum
653 3587 686 3631 se
701 3571 796 3650 putat
809 3567 996 3630 beneficium
1012 3572 1228 3632 consecutum.

90 3665 169 3734 Facit
190 3677 223 3734 et
245 3672 284 3736 ad
312 3671 361 3736 sui
384 3692 461 3756 erga
484 3678 516 3736 te
540 3673 881 3738 recommendacionem
904 3672 1058 3756 genitoris
1090 3673 1227 3737 eiusdem

88 3795 222 3855 pronunc
253 3777 471 3860 gubernacula
504 3778 643 3844 civitatis
677 3777 889 3864 Augustensis
923 3778 1060 3842 tenentis
1092 3779 1230 3844 maxima

89 3883 164 3962 (sua)
187 3903 263 3967 erga
285 3903 337 3947 mc
357 3883 583 3961 benivolentia,
606 3883 746 3948 virorum
763 3883 1016 3949 doctissimorum
1040 3906 1132 3948 verus
1147 3884 1230 3949 acla-

91 3987 145 4063 tor,
167 4008 259 4071 quem
283 3992 316 4052 et
331 3985 465 4052 mirifice
479 4009 551 4053 amo
567 3993 635 4052 tum
651 3992 784 4072 propter
806 3987 873 4051 eins
893 4007 1049 4054 summum
1066 3989 1229 4074 ingenium

90 4109 231 4176 suamque
265 4092 443 4157 doctrinam
480 4099 547 4158 tum
583 4100 623 4170 et:
657 4099 791 4177 propter
826 4094 892 4157 eius
934 4093 1128 4177 singularem
1162 4115 1229 4159 mo·

91 4193 222 4263 destiam.
270 4197 420 4263 Eiusdem
442 4219 519 4285 ergo
541 4199 599 4282 filij
624 4199 790 4284 negotium
817 4199 861 4263 sic
884 4197 980 4262 velim
1003 4199 1171 4282 suscipias,
1194 4219 1232 4264 ac

92 4299 210 4368 siessct
232 4325 282 4369 res
305 4325 386 4384 mea,
409 4326 468 4388 pro
492 4326 555 4389 quo
578 4304 706 4370 caritati
730 4311 785 4369 tue
800 4306 920 4390 gratias
938 4305 1090 4370 maximas
1105 4327 1229 4390 semper

647 4473 664 4510 ss

160 4531 170 4583 l
190 4531 267 4586 tinch
286 4531 351 4586 dem
370 4531 464 4586 inbalt
480 4549 543 4585 aum
565 4530 679 4598 rotigen
697 4532 820 4598 gestellt.
898 4531 915 4584 a
935 4531 1096 4585 Meisterlin.

138 4616 238 4662 acuatu.
1006 4619 1022 4672 3
