3062 5068
800 435 862 500 198

265 616 320 700 qui
343 636 397 681 voa
419 615 457 678 de
481 613 542 696 hijs
564 619 597 678 et
621 612 693 695 alijs
715 611 911 678 sufficienter
933 616 1056 676 certum
1095 609 1205 674 reddet
1235 629 1294 674 neo
1317 604 1426 674 minus

264 722 302 787 da
324 721 389 785 ania
411 719 552 804 negocijo
575 738 652 803 erga
675 717 774 783 filiam
796 716 898 801 ipsius
920 716 958 781 da
982 715 1115 781 Ploben.
1163 713 1312 798 Longum
1337 712 1426 781 foret

264 826 372 891 omnia
396 826 452 891 heo
481 823 610 908 scriptia
642 821 837 888 sufficienter
866 821 1014 886 incerere.
1066 819 1263 904 Intelligetis
1290 819 1425 905 cingula

263 930 304 996 ab
320 951 365 998 ec.
404 928 588 1014 Numquam
603 929 736 993 verbum
753 927 823 1005 boc,
839 929 876 991 ut
891 925 1041 1002 scribitis,
1062 946 1113 990 me
1129 923 1188 1008 (id)
1208 924 1313 990 dicere
1331 925 1425 1003 velle,

264 1036 297 1101 id
313 1057 377 1101 non
387 1057 479 1120 posse
488 1033 589 1099 fatere
598 1031 749 1098 Georium
762 1033 794 1096 in
807 1031 901 1096 factio
914 1031 980 1096 auio
991 1030 1227 1116 significantem
1244 1027 1266 1095 ¹.
1292 1027 1427 1107 Ymmo‚

266 1145 300 1206 ub
323 1163 341 1204 a
364 1139 490 1218 Georio,
521 1138 712 1225 intelligetis
734 1159 858 1203 omnem
884 1136 965 1202 mihi
988 1137 1140 1202 hactenus
1168 1133 1299 1200 adhibui
1333 1134 1427 1219 [ope-

261 1247 344 1329 ram]
362 1249 395 1310 et
409 1244 483 1328 plue
499 1266 594 1330 qnam
610 1266 762 1330 umquam
795 1244 828 1307 in
844 1243 988 1308 futurum
1005 1241 1129 1308 habebo
1145 1262 1213 1320 neo,
1232 1261 1338 1324 spero,
1363 1239 1426 1304 dif-

264 1351 427 1416 fidentiam
450 1350 488 1415 de
510 1372 560 1414 mc
583 1348 682 1414 ullam
714 1349 885 1432 recipietis,
909 1369 980 1413 cum
1005 1345 1134 1432 singula
1158 1345 1296 1410 audietis
1319 1355 1356 1410 et
1378 1345 1428 1410 di·

266 1455 437 1540 ligentiam
468 1477 572 1520 meam
598 1456 631 1520 in
666 1455 726 1521 hac
749 1477 783 1520 re
806 1453 922 1519 factam
946 1452 1140 1537 percipietis,
1202 1451 1259 1514 Est
1281 1451 1371 1516 enim
1395 1452 1428 1514 in

264 1560 328 1645 hijs
349 1560 482 1644 agendis
504 1559 625 1626 serienn
649 1582 722 1626 cum
743 1565 871 1626 matura
893 1558 1124 1624 deliberatione
1138 1561 1172 1622 et
1198 1557 1310 1622 modus
1334 1557 1427 1622 adhi-

265 1667 395 1746 bendus,
419 1687 476 1732 nec
499 1666 586 1732 deses
607 1687 662 1732 ero
685 1665 719 1730 in
741 1669 915 1750 posterum.

806 2017 867 2090 35.

265 2178 458 2253 Hermann
482 2176 635 2250 Schcdel
663 2198 713 2248 an
726 2175 920 2275 [Heinrich
952 2173 1056 2274 Lon]
1110 2170 1314 2264 Nornbcrg
1330 2169 1429 2242 1473

752 2299 850 2396 [juni
874 2299 927 2396 fil]

614 2444 678 2498 clm.
698 2445 749 2500 224
769 2445 789 2502 l.
808 2447 882 2503 313³.
917 2445 1070 2516 Conmpt'.

265 2569 502 2668 Bekbmplt
523 2569 671 2635 seinen
695 2570 794 2654 plan
818 2570 888 2636 der
911 2571 1146 2658 grtlndung
1170 2573 1427 2637 besonderer

560 2676 1125 2763 benediktinergymneaien.

348 2815 490 2882 Salutem
513 2817 686 2900 plurimam
709 2817 796 2882 dicit.
842 2816 1046 2883 Venerabilis
1061 2817 1120 2882 vir.
1166 2816 1247 2882 Cum
1264 2816 1328 2900 hijs
1351 2817 1423 2882 die·

265 2922 323 2986 bus
345 2924 467 2986 vestras
488 2922 664 3006 acciperem
688 2922 832 3001 litterae,
864 2943 927 2988 non
960 2944 1074 3006 perum
1110 2944 1215 2988 meum
1249 2927 1425 2988 moverunt

829 3055 849 3091 e

261 3111 356 3169 llbner
374 3114 406 3184 [a.
425 3113 674 3180 clm.901l.140r]
694 3112 750 3166 und
771 3113 843 3168 nach
861 3113 946 3169 deren
965 3113 1031 3169 todo
1044 3113 1221 3184 Magdalane,
1240 3112 1287 3167 die
1305 3112 1420 3168 tochter

263 3203 357 3258 Anton
375 3200 489 3256 Bellero
506 3201 539 3272 [a.
558 3200 612 3256 den
637 3200 757 3270 Eintrag
774 3200 838 3255 olm.
857 3201 892 3257 46
905 3200 926 3256 f.
945 3200 1016 3272 32⁵}
1053 3200 1133 3267 will,
1152 3199 1422 3258 Gelehrtcnlcxilron

260 3290 309 3355 ΙΙΙ,
327 3290 379 3344 499
397 3289 477 3359 giabt
493 3289 537 3344 ala
555 3288 699 3360 todeajahr
725 3288 774 3344 der
787 3291 879 3345 craten
910 3289 1006 3360 gattin
1027 3290 1094 3347 1185
1113 3307 1159 3356 an,
1178 3289 1236 3359 vgl.
1255 3289 1328 3345 euch
1349 3288 1421 3346 Mor.

260 3376 326 3430 Max
345 3376 450 3443 noyer,
467 3375 632 3445 Nilrnbergc
650 3376 936 3448 Merkwiirdiglrciten
954 3377 976 3442 1,
996 3378 1036 3434 15.

333 3465 344 3517 Ι
368 3462 461 3519 Dionen
488 3467 549 3518 nata
575 3463 615 3516 int
633 3462 763 3532 ganzlich
787 3462 926 3521 verderbt.
1041 3464 1155 3521 2ernot
1182 3484 1204 3520 o.
1223 3464 1419 3532 molinbach,

261 3551 445 3609 Glossarium.
534 3553 551 3606 3
571 3551 625 3606 Der
644 3551 718 3607 brief
734 3551 772 3606 iat
789 3554 913 3609 antwort
932 3555 983 3606 auf
998 3553 1044 3609 die
1062 3553 1108 3609 bei
1127 3553 1232 3618 Brenn,
1250 3551 1368 3610 Notitia
1385 3552 1420 3608 de

260 3639 339 3696 codd.
358 3655 422 3693 maa.
441 3639 471 3694 in
490 3639 599 3695 bibliot.
619 3639 663 3694 SS.
685 3639 809 3695 Udalrici
828 3642 857 3694 et
874 3640 942 3696 Atre
964 3641 993 3704 V,
1015 3642 1065 3697 loo
1084 3640 1112 3696 ff.
1134 3639 1274 3713 [nuffar.
1293 3639 1418 3696 Thusu-

260 3744 307 3781 run
330 3726 374 3790 vl,
392 3727 417 3793 3,
436 3726 499 3798 104]
519 3725 710 3794 abgedroclrta
729 3725 852 3782 Heinrioi
869 3725 923 3781 bur
942 3727 978 3782 ad
997 3727 1337 3785 MelchioremStamham
1356 3729 1415 3798 epi·

259 3814 333 3871 stola
351 3831 401 3883 pro
420 3813 566 3883 Gymnasii
585 3813 733 3870 erectione.
775 3812 892 3870 Danach
919 3815 1030 3872 adraaee
1055 3815 1113 3871 und
1138 3815 1246 3872 datum.
1283 3813 1417 3871 Offcnbar

259 3904 322 3958 eehr
340 3901 487 3972 fliichtigea
501 3904 624 3972 concept,
644 3902 744 3958 vorher
761 3901 906 3957 mehrlacb
919 3904 1089 3961 verworiene
1100 3903 1224 3972 anillnge
1236 3902 1291 3958 mit
1309 3904 1416 3959 dtatcn

260 4008 310 4046 aua
329 3989 397 4045 Lura
415 3989 496 4046 brial.
516 4021 548 4031 -
568 3989 624 4045 Dan
647 4007 702 4045 von
728 3989 783 4044 Lnr
801 3990 830 4044 in
859 3991 961 4046 acinam
980 3991 1067 4046 briele
1085 4010 1112 4061 p.
1133 3993 1184 4047 163
1201 3991 1353 4048 baoondera
1372 4009 1417 4060 gc·

260 4078 374 4133 rbhmte
392 4077 482 4132 werk:
505 4075 561 4133 »De
579 4075 670 4130 tribus
680 4076 852 4146 processibus
872 4078 1002 4134 videlicet
1017 4096 1121 4146 sancus,
1139 4078 1302 4134 intellectus
1322 4083 1352 4135 et
1371 4096 1416 4134 ro·

260 4165 395 4221 luntatis«
416 4165 493 4220 steht
510 4165 540 4220 in
559 4166 622 4221 dem
636 4165 707 4222 oben
723 4182 762 4218 nr.
773 4165 806 4221 59
820 4165 848 4220 ff.
868 4166 1031 4223 arwlthntcn
1052 4168 1116 4223 clm.
1126 4167 1212 4222 31817
1227 4167 1246 4220 l.
1260 4165 1416 4222 307-3413

260 4251 317 4307 und
335 4253 479 4308 achlieaet:
501 4253 588 4308 ›Vale
612 4255 640 4308 et
659 4271 676 4308 a
695 4270 739 4309 me
751 4256 869 4322 rogatus
882 4255 999 4310 observa
1013 4255 1175 4325 diligenter.
1213 4255 1252 4308 Ex
1263 4254 1324 4312 loon
1335 4255 1417 4312 solite

258 4338 444 4396 habitacionis
463 4357 512 4409 per
532 4344 709 4404 veteranum,
729 4341 777 4412 qni
799 4358 894 4397 amore
912 4341 1097 4412 plurimorum
1119 4344 1149 4398 in
1171 4343 1332 4398 huiusmodi
1351 4360 1415 4413 pro·

259 4425 379 4482 censibus
398 4428 537 4483 delectum
556 4429 739 4485 nentianoinm
759 4432 824 4500 pont
842 4429 926 4487 horae
944 4429 1119 4500 vespertinae
1132 4430 1161 4485 in
1178 4447 1278 4501 campo
1295 4431 1413 4500 scriptu·

260 4529 354 4567 rarum
374 4514 525 4579 militavit,
554 4516 601 4584 qui
621 4516 772 4586 allegando
800 4516 863 4574 ideo
885 4517 1000 4572 turbam
1019 4516 1219 4588 magirtrorum
1238 4517 1364 4583 advexit,
1383 4519 1414 4571 ut
