3002 5070
667 391 709 456 59

105 585 320 672 preclaraque
337 587 379 651 ab
395 608 432 651 eo
447 587 533 651 (licta
548 584 661 669 reperi,
678 606 734 668 per
751 607 812 669 que
828 605 890 649 non
907 585 1008 649 solum
1024 586 1168 669 apparet,
1192 603 1264 646 enm

106 693 214 758 virum
240 693 456 759 doctissimum
479 713 563 772 esse,
593 713 703 757 verum
736 690 834 755 eciam
857 689 1032 756 multarum
1056 687 1263 754 scienciarum

103 819 265 864 summam
299 799 453 882 periciam
486 797 823 881 conamendacioneque
855 795 985 879 diguam
1020 795 1146 859 habere.
1207 790 1263 856 Oui

105 903 238 987 quidem
263 904 327 968 iam
351 903 469 970 dudum
493 903 632 969 libenter
655 902 902 986 respondissem,
925 901 978 965 sad
1002 898 1189 983 magnitudo
1213 896 1263 980 ip·

103 1009 171 1072 sins
196 1008 245 1074 rei
270 1015 368 1094 atqua
390 1008 569 1094 amplitudo
592 1031 642 1072 me
667 1009 819 1072 lrnctenns
842 1006 994 1084 retraxit,
1028 1003 1176 1088 quoniam
1202 1023 1264 1065 uon

105 1113 218 1197 paucis
242 1116 433 1198 respondere
455 1113 580 1194 vellem,
603 1114 655 1178 sed
679 1113 894 1197 copiosissime
924 1117 1021 1196 atque
1054 1106 1265 1174 ornatissimis

102 1220 279 1304 sentenciis
296 1219 317 1285 ¹.
373 1220 452 1285 Vale
474 1220 622 1286 feliciter.
662 1219 708 1284 Ex
731 1217 881 1304 patavino
911 1215 1092 1303 gynnasic'
1126 1219 1159 1283 iu
1183 1218 1265 1284 lesto

103 1327 156 1390 sti.
182 1323 315 1392 Andree
341 1325 434 1392 1459.

581 1489 790 1500 ——a-

657 1722 717 1795 24.

108 1866 328 1938 Hartmann
348 1863 502 1938 Schedel
523 1887 570 1938 an
588 1863 792 1937 Hermann.
824 1862 973 1958 Leipzig
997 1861 1092 1935 1459
1112 1863 1189 1935 dez.
1207 1862 1265 1935 13.

369 2017 432 2072 clm.
451 2017 540 2073 4181.
559 2018 619 2074 261.
657 2014 800 2071 Absohrilt
819 2016 1002 2071 hartmanus.

131 2141 542 2226 Entschuldigung
565 2142 641 2206 der
663 2140 830 2224 langen
853 2139 1243 2225 schweigsamheit.

196 2307 279 2372 Cum
303 2307 419 2372 affectu
441 2305 651 2372 sincerissime
674 2304 817 2371 caritatis
847 2305 998 2390 quicquid
1028 2307 1148 2389 poterit
1173 2308 1267 2374 bene·

109 2414 246 2497 placiti,
281 2412 406 2496 servicij
441 2417 473 2477 et
504 2411 643 2477 honoris.
701 2409 901 2475 Venerabilis
927 2433 963 2475 ac
987 2412 1114 2496 egregie
1142 2412 1267 2478 domiuo

110 2520 231 2596 doctor,
257 2519 364 2584 fautor
391 2522 424 2583 et
452 2517 687 2602 consanguinee
714 2515 951 2582 cordialissime.
1003 2514 1063 2579 Per
1086 2516 1265 2584 litterulam

110 2623 270 2707 quandam
295 2620 374 2686 mihi
397 2621 567 2687 novissime
589 2643 608 2685 a
630 2626 735 2687 vestra
752 2621 931 2686 reverencia
946 2622 1192 2686 transmissam³
1216 2645 1267 2688 me

111 2727 265 2812 dignatus
289 2725 364 2790 estis
392 2725 521 2809 scriptis
548 2725 741 2790 suavissimis
764 2725 943 2804 adhortari,
976 2731 1014 2790 ut
1036 2727 1192 2793 bonarum
1215 2751 1266 2793 ar-

110 2831 193 2898 cium
215 2832 324 2896 studio
347 2835 380 2896 et
402 2851 525 2896 morum
549 2830 695 2896 decencia
717 2835 888 2895 exornatus
910 2831 967 2895 deo
984 2831 1080 2896 dante
1103 2832 1136 2896 in
1160 2834 1265 2898 virum

113 2936 324 3022 reputabilem
349 2934 564 3000 convalescam
588 2940 620 3000 et
643 2941 679 3002 ut
700 2937 818 3001 bouum
835 2936 868 2999 iu
884 2934 1119 3001 adminiculatis
1143 2937 1268 3002 artibus

113 3044 259 3110 hauriam
283 3041 535 3119 fundamentum,
558 3042 597 3104 ad
615 3039 742 3107 ltaliam
765 3046 874 3124 postea
897 3041 1100 3120 transiturus,
1123 3042 1178 3106 ubi
1197 3043 1266 3108 the·

111 3169 241 3212 vaurum
258 3145 330 3230 plus
348 3167 441 3230 quam
458 3145 535 3210 alibi
558 3144 680 3211 valeam
706 3145 837 3230 adipisci
866 3149 924 3210 etc.
970 3143 1008 3210 In
1037 3168 1099 3231 quo
1129 3151 1267 3211 vestram

113 3274 186 3338 erga
209 3274 262 3316 me
283 3255 351 3316 tam
366 3249 597 3334 complacencie
617 3273 712 3336 quam
729 3249 944 3314 benivolencia
967 3249 1169 3334 purissimam
1185 3251 1266 3315 ami·

113 3359 226 3424 eiciam
249 3377 449 3441 recognosco.
495 3353 604 3420 Sedis
622 3356 682 3420 hoc
701 3355 782 3420 mihi
797 3355 948 3419 videmini
964 3376 1158 3433 succensere,
1183 3357 1265 3439 quod

114 3465 200 3548 qussi
224 3461 435 3527 alienissimus
457 3461 555 3545 longo
578 3461 641 3526 iam
664 3465 809 3546 tempore
825 3483 889 3526 non
912 3461 1088 3526 curaverim
1105 3483 1161 3526 vos
1175 3483 1265 3527 more

114 3589 177 3633 sese
198 3565 377 3634 amancium
404 3566 514 3650 aliquo
542 3567 661 3650 scripto
692 3565 859 3630 cerciorari
892 3566 930 3630 de
952 3565 1203 3650 circumstancijs
1232 3571 1264 3631 et

116 3671 301 3739 habitudine
322 3675 426 3736 status
441 3671 513 3736 mei.
560 3669 673 3735 Fateor
689 3691 809 3750 revera,
831 3671 968 3755 speciale
990 3670 1068 3736 est⁴
1099 3671 1184 3737 inter
1216 3693 1267 3736 ea·

679 3805 698 3840 Ur

192 3879 340 3936 lBezieht
365 3878 423 3933 sich
451 3877 502 3934 aul
526 3878 572 3933 die
601 3882 778 3936 controversa
805 3879 967 3950 Sigismnnd
995 3879 1188 3938 Gessemhrots
1216 3882 1269 3936 mit

121 3967 226 4023 Conrad
246 3967 365 4022 Ssldner
383 3969 412 4021 in
433 3965 525 4032 Wien,
544 3983 594 4021 aus
612 3967 661 4022 dar
683 3966 873 4023 wattenbach
893 3967 1038 4040 [Ztschrift
1057 3968 1075 4024 f.
1089 3967 1123 4026 G.
1141 3969 1168 4023 d.
1184 3969 1268 4026 Ober-

120 4055 207 4111 rheins
226 4055 311 4118 XXV,
331 4055 375 4126 381
416 4059 537 4125 suszdge
555 4055 690 4124 gebracht
712 4057 771 4110 hat.
808 4053 904 4110 Ulrich
926 4055 1034 4110 scheint
1055 4056 1100 4110 tiis
1128 4057 1188 4112 hier
1209 4075 1268 4113 ver·

122 4145 266 4214 sprochena
286 4143 468 4212 erwidarung'
488 4142 561 4198 deun
581 4143 651 4198 auch
672 4143 791 4198 verlasst
810 4142 876 4199 oder
901 4144 976 4198 seina
994 4141 1164 4199 Terenzrede
1192 4145 1224 4217 [s.
1244 4163 1267 4201 o.

120 4247 139 4284 ι,
155 4233 211 4303 58¹]
231 4249 281 4286 sur
299 4229 460 4302 benutznug
482 4250 518 4287 sn
538 4231 591 4286 den
613 4235 691 4287 vater
710 4229 878 4301 eingesandt
897 4249 930 4286 zu
949 4231 1055 4298 haben,
1075 4233 1126 4288 wis
1145 4231 1190 4288 dle
1209 4233 1268 4288 ein·

120 4323 293 4390 gangrworte
311 4318 361 4374 der
385 4318 513 4375 offenbsr
532 4319 783 4388 nnvollstllndigen
802 4319 901 4392 epistel
920 4319 1112 4376 Gossembrots
1142 4338 1205 4377 vom
1226 4321 1267 4376 17,

122 4405 172 4462 tea
192 4409 258 4464 1459
279 4407 489 4479 [wattenbach
509 4407 530 4461 1.
542 4425 565 4462 c.
577 4408 622 4479 54]
640 4408 744 4479 zeigen.
808 4408 824 4462 2
844 4407 924 4463 Diese
936 4407 1009 4463 form
1023 4407 1067 4463 bai
1078 4407 1267 4470 Diellenbach,

124 4493 239 4554 Glossar.
259 4497 371 4568 belegt;
390 4515 411 4553 s.
431 4497 501 4552 auch
520 4497 591 4553 oben
610 4515 630 4550 s.
650 4497 675 4552 8.
746 4501 763 4552 3
781 4496 807 4550 S.
826 4495 895 4552 oben
915 4513 956 4550 nr.
975 4497 1018 4550 22.
1089 4495 1183 4551 leod.
1203 4511 1268 4550 esse.
